3825 5009
249 407 429 494 plexa
471 406 626 471 haec
670 406 870 472 omnia
912 407 1034 471 sint
1074 412 1340 485 narrata,
1389 406 1692 474 neminem
1735 405 1954 494 fugiet.
2039 403 2134 471 Ne
2175 406 2296 473 hoc
2339 406 2583 491 quidem
2625 425 2706 470 ex
2743 403 2861 471 hac
2901 405 3314 489 descriptione
3355 404 3584 488 pom-it
3635 404 3766 468 diiu

246 517 395 593 cari,
439 521 635 579 utrum
666 515 764 580 alii
794 533 1040 600 quoque
1067 522 1310 599 praeter
1335 516 1693 600 Eupeithem
1721 514 2075 582 Ithacenses
2107 516 2181 582 ab
2211 515 2385 580 Ulixe
2414 515 2900 599 Telemachoque
2928 515 3050 580 sint
3079 514 3292 590 occisi,
3334 531 3536 578 necne
3554 517 3634 592 ι).
3701 513 3750 576 lt

245 643 470 691 censes
514 625 730 709 panico
775 625 1008 690 scilicet
1049 629 1289 690 terrore
1333 627 1613 709 percussi
1669 626 1732 690 in
1778 626 2064 711 oppidum
2117 626 2402 690 videntur
2454 625 2789 710 refugisse.
2879 624 3112 689 Deinde
3165 628 3346 707 poeta
3398 624 3598 687 trihus
3658 641 3700 686 n

246 735 454 799 verbis
496 751 629 798 rem
673 735 1112 818 gravissimam,
1163 741 1380 817 postea
1430 734 1741 800 Minervae
1796 752 1986 820 opera
2025 753 2237 819 pacem
2302 751 2448 800 esse
2498 733 2740 799 factam.
2825 732 2962 798 Non
3015 732 3385 797 enumerabo
3429 732 3489 795 h.
3541 733 3582 794 l.
3636 749 3718 794 ve

247 843 488 908 aliunde
530 842 874 921 desumtos3
920 843 1034 918 (cf.
1079 842 1234 920 ind.)
1292 849 1352 909 at
1392 850 1459 907 ut
1499 845 1562 909 in
1603 844 1792 911 rebus
1834 844 2153 909 narrandis
2196 843 2565 909 homericam
2609 842 3009 927 elegantiam,
3049 841 3573 926 pmpicuitnm,
3624 841 3823 923 copias

246 960 432 1036 atque
473 951 809 1015 ubertatem
855 950 1259 1030 desiderabis,
1300 952 1383 1016 ita
1423 953 1602 1016 etiam
1642 953 1705 1018 in
1746 954 1956 1020 valiis
2001 953 2297 1038 quaedam
2340 954 2417 1017 ab
2460 954 2520 1017 h.
2563 953 2801 1017 ratione
2842 951 3202 1035 longissime
3247 950 3600 1014 abhorrent.

446 1064 589 1127 535.
654 1062 803 1133 θεᾶς
846 1054 980 1122 ὄπα
1021 1055 1400 1146 φωνησάσης
1450 1061 1532 1126 cf.
1562 1079 1810 1142 versus,
1853 1080 2112 1148 quorum
2154 1067 2368 1127 noster
2406 1062 2771 1127 recordatus
2817 1067 2947 1124 est:
2991 1062 3046 1122 B
3080 1064 3199 1126 182
3245 1061 3339 1137 (K
3384 1063 3539 1133 512)
3585 1051 3675 1131 ὣς
3699 1055 3823 1140 φάτ’,

244 1168 281 1234 ὁ
310 1168 377 1232 δὲ
405 1167 646 1245 ξυνέηκε
672 1171 823 1242 θεᾶς
851 1163 986 1231 ὄπα
1027 1164 1427 1253 φωνησάσης,
1470 1174 1535 1233 et
1574 1175 1626 1233 Τ
1645 1174 1769 1237 380
1814 1164 1907 1236 ὅτ’
1943 1167 2179 1235 ἄκουσε
2220 1175 2376 1233 θεοῦ
2415 1166 2547 1233 ὅπα
2590 1168 3014 1257 φωνήσαντος.
3075 1169 3169 1232 Ex
3207 1168 3399 1232 verbo
3438 1167 3667 1252 φωνέω
3706 1169 3823 1250 apud

246 1278 321 1342 ll.
365 1294 669 1359 nunquam
723 1276 949 1358 pendet
989 1278 1415 1357 accusativus,
1468 1279 1586 1342 nisi
1642 1278 1804 1343 forte
1854 1285 2002 1354 ἔπος
2054 1281 2190 1344 sive
2244 1285 2396 1343 &area
2448 1274 2765 1363 πτερόετα
2823 1284 2978 1359 (qua
3033 1277 3113 1342 de
3152 1294 3225 1341 re
3280 1276 3541 1341 dubitari
3601 1282 3823 1358 potest),

243 1402 545 1468 nusquam
574 1401 725 1448 vero
754 1384 1030 1449 invenies
1063 1379 1196 1448 ὅπα
1224 1396 1467 1471 φωνεῖν.
1510 1385 1575 1450 ln
1606 1387 1745 1468 illis,
1790 1406 1951 1471 quos
1992 1388 2254 1466 laudavi,
2283 1387 2569 1455 versibus
2613 1386 3004 1454 accusativus
3057 1380 3190 1447 ὅπα
3233 1391 3334 1449 ost
3373 1383 3753 1448 referendus
3777 1384 3823 1447 at

245 1512 344 1559 vv.
387 1494 630 1578 ξυνίημι
672 1500 737 1556 et
777 1490 1002 1556 ἀκούω.
1047 1493 1159 1571 (cf.
1206 1495 1244 1571 ζ
1285 1498 1410 1562 289
1452 1492 1536 1557 σύ
1577 1494 1741 1558 a&
1782 1500 1999 1581 εᾌιεθσν
2042 1497 2232 1573 ξυνίει
2258 1503 2423 1573 ἔπος,
2464 1520 2511 1559 τ
2553 1499 2675 1563 378
2716 1504 2832 1560 νῦν
2875 1494 3064 1571 ξυνίει
3091 1498 3290 1568 ἔπος).
3363 1491 3627 1571 Noster,
3678 1513 3823 1576 quun

239 1601 647 1681 hemistichia,
689 1619 812 1667 non
853 1607 983 1666 toto
1024 1618 1182 1685 opus
1226 1610 1402 1668 esset
1442 1621 1661 1685 versu,
1715 1605 1919 1672 omisit
1958 1606 2212 1672 verbum
2253 1604 2530 1682 ξυνέηκεν
2581 1606 2786 1688 itaque
2826 1621 3051 1667 novum
3094 1602 3396 1684 quoddam
3441 1608 3634 1684 atque
3681 1604 3823 1666 inan·

246 1712 436 1778 ditum
477 1711 597 1776 sibi
636 1710 808 1775 finxit
849 1710 1092 1776 dicendi
1138 1730 1360 1796 genus.
2219 1715 2228 1721 ’
3485 1700 3490 1704 ⁴
3821 1693 3822 1704 ¹

264 1822 279 1832 ⁸
451 1823 596 1887 538.
661 1820 825 1884 idem
866 1837 1089 1885 versus
1133 1824 1186 1884 X
1230 1825 1375 1889 308.
1461 1823 1716 1888 Formae
1758 1819 1930 1900 ἐάλη,
1973 1824 2222 1908 ἀλῆναι,-
2266 1823 2455 1908 ἁλείς,
2497 1822 2615 1887 nisi
2659 1820 2865 1900 fallor,
2907 1821 2970 1884 in
3012 1819 3295 1903 Odyssea
3338 1837 3462 1884 non
3506 1826 3679 1884 sunt.

452 1935 597 1995 545.
645 1921 828 2014 ὅρκια
866 1925 1129 2020 τάμνειν
1156 1931 1403 2014 saepius
1446 1930 1725 1996 invenies
1769 1931 1934 2016 apud
1975 1932 2069 2012 11„
2113 1925 2296 2018 ὅρκια
2334 1930 2588 1995 τιθέναι
2629 1947 2952 2011 nunquam.

449 2037 617 2103 Haec
660 2037 794 2110 fere
835 2037 1038 2117 habui,
1081 2057 1240 2121 quae
1284 2039 1363 2104 de
1407 2045 1679 2104 extrema
1722 2039 2045 2123 Odysseae
2088 2045 2259 2123 parte
2302 2040 2591 2105 dicerem.
2663 2038 2947 2103 Ceterum
2982 2039 3260 2121 necyiam
3287 2039 3485 2116 istam,
3527 2036 3691 2101 alius
3724 2036 3823 2110 foi-«2

250 2155 416 2213 tasse
459 2166 701 2212 carmen
746 2151 998 2231 poetae,
1038 2148 1295 2215 adiectis
1338 2148 1585 2214 duobus
1625 2148 1910 2214 versibus
1953 2153 2097 2229 203,
2142 2153 2266 2215 204
2296 2147 2437 2211 huic
2468 2147 2608 2211 loco
2619 2147 3034 2231 interpositum
3075 2164 3223 2211 esse
3265 2148 3380 2209 iam
3423 2164 3613 2229 supra
3659 2147 3822 2230 signi-

245 2257 444 2334 ficavi,
490 2274 711 2322 versus
756 2257 913 2322 enim
957 2261 1080 2325 205
1121 2256 1402 2324 facillime
1445 2258 1858 2343 coniungitur,
1899 2258 2023 2323 imo
2064 2257 2370 2324 artissime
2412 2255 2705 2322 cohaeret
2746 2275 2883 2320 cum
2923 2256 3017 2320 rh.
3046 2261 3098 2336 ψ
3128 2260 3271 2323 372.
3314 2254 3382 2319 1n
3409 2253 3527 2318 hac
3555 2256 3697 2338 ipsa
3735 2272 3823 2318 ne-

247 2368 385 2451 cyia
426 2367 922 2450 interpolationes
967 2373 1241 2432 statuere
1282 2368 1575 2434 audacius
1619 2366 1876 2432 forsitan
1918 2365 2133 2444 fuerit,
2175 2373 2239 2432 at
2278 2382 2503 2431 versus
2550 2370 2628 2432 19
2669 2372 2735 2429 et
2775 2370 2857 2432 20
2903 2365 3048 2447 quin
3089 2363 3166 2429 ad
3209 2362 3659 2427 similitudinem
3705 2381 3823 2426 ver·

250 2494 431 2542 suum
467 2480 549 2542 99
594 2481 659 2539 et
705 2480 823 2541 100
865 2475 1010 2539 facti
1049 2476 1191 2555 sint,
1234 2475 1494 2540 dubitari
1535 2493 1657 2539 non
1700 2483 1923 2559 potest.
1987 2478 2152 2554 Quot
2191 2494 2345 2543 vero
2389 2482 2454 2540 et
2493 2476 2598 2559 qui
2625 2490 2847 2540 versus
2892 2474 3015 2538 sint
3047 2472 3310 2551 delendi,
3353 2477 3422 2536 ut
3445 2473 3823 2556 repugnantia

246 2585 363 2661 illa,
408 2601 586 2667 quam
626 2601 706 2646 ne
748 2583 1045 2649 mediocri
1086 2583 1333 2666 quidem
1374 2588 1594 2667 poetae
1625 2583 2007 2649 tribuendam
2037 2602 2184 2650 esse
2212 2591 2380 2669 puto,
2408 2583 2672 2663 tollatur,
2713 2582 2860 2648 illud
2891 2581 3230 2647 decernere
3258 2599 3381 2645 non
3410 2580 3627 2645 audeo.
3678 2581 3823 2645 itha«

156 2683 165 2691 ’
246 2693 524 2760 censium
565 2708 815 2776 quoque
848 2692 1068 2758 concio
1110 2710 1480 2778 pugnaeque
1515 2692 1846 2777 descriptio
1890 2694 2068 2775 peius
2112 2699 2257 2757 sunt
2298 2694 2432 2757 sine
2476 2679 2661 2756 dubio
2690 2692 3088 2770 institutae²)‚
3133 2709 3311 2775 quam
3352 2688 3823 2775 ἀναγνωρισμός,

246 2803 310 2868 id
351 2802 518 2887 quod
559 2803 676 2866 iam
717 2801 860 2866 inde
902 2799 1182 2886 colliges,
1226 2802 1392 2883 quod
1433 2803 1497 2867 in
1538 2801 1654 2866 illis
1698 2802 1971 2887 partibus
2013 2802 2201 2868 multo
2244 2801 2449 2887 plures
2492 2800 2735 2868 aliunde
2776 2801 2998 2882 petitos
3028 2800 3308 2865 invenies
3340 2815 3583 2892 versus.
3625 2798 3823 2864 Utrum

248 2918 450 2993 autem
492 2911 618 2978 duo
660 2917 870 2977 tresve
910 2909 1122 2989 harum
1164 2912 1419 2995 partium
1461 2916 1681 2993 poetae
1723 2913 1846 2977 sint
1887 2914 2228 3002 statuendi,
2266 2930 2498 2994 necne,
2540 2912 2688 2982 illud
2731 2921 2903 2980 extra
2945 2933 3187 2980 omnem
3227 2916 3662 2982 dubitationem
3706 2915 3823 2999 poni

245 3029 429 3107 atque
470 3021 785 3090 diiudicari
828 3020 1077 3085 vixdum
1118 3022 1357 3103 poterit.
1446 3019 1760 3085 Transitus
1813 3021 2059 3102 quidem
2113 3023 2175 3086 in
2228 3029 2351 3088 tota
2403 3024 2517 3088 hac
2568 3030 2740 3109 parte
2782 3024 3007 3089 hahent
3058 3025 3341 3107 quiddam
3383 3024 3615 3090 horridi
3662 3023 3823 3109 atque

244 3131 453 3210 hiulci,-
492 3132 576 3196 ita
618 3136 695 3197 ut,
728 3130 1165 3194 commissurae
1209 3130 1391 3194 etiam
1429 3146 1592 3193 nuuc
1632 3128 1793 3194 facili
1833 3131 2088 3215 negotio
2134 3130 2505 3215 deprehendi
2547 3149 2738 3217 posse
2771 3133 3110 3214 videantur,
3153 3151 3397 3218 semper
3423 3133 3684 3198 eaedem
3713 3133 3823 3199 lere

244 3241 542 3307 formulae
584 3241 889 3324 iidemque
931 3256 1155 3303 versus
1200 3257 1236 3303 a
1277 3239 1476 3321 poetis
1520 3239 1747 3304 nostris
1790 3239 1855 3303 in
1896 3238 2200 3306 eiusmodi
2242 3239 2396 3305 locis
2441 3241 2802 3308 adhibentur
2818 3244 2909 3320 ³):
2964 3250 3027 3307 at
3076 3262 3262 3325 quum
3319 3261 3552 3309 mecum
3606 3250 3823 3329 reputo¹

247 3351 428 3415 etiam
472 3368 694 3416 versus
737 3347 980 3413 aliunde
1037 3347 1352 3413 desumtos
1394 3353 1522 3412 tum
1562 3347 1721 3413 inter
1762 3364 1835 3413 se
1877 3354 2002 3412 tum
2047 3366 2186 3412 cum
2228 3349 2331 3430 iis,
2385 3367 2542 3432 quos
2583 3351 2701 3436 ipsi
2743 3350 3056 3432 fecerunt,
3108 3352 3268 3418 haud
3309 3370 3450 3416 raro
3495 3353 3648 3417 male
3697 3371 3823 3418 esse

246 3460 607 3524 coniunctos
650 3465 836 3541 atque
878 3456 1363 3542 conglutinatos,
1418 3475 1502 3523 ex
1548 3444 1662 3522 hac
1715 3475 1786 3522 re
1838 3457 1920 3522 de
1974 3464 2145 3524 certo
2199 3459 2462 3543 quodam
2512 3466 2828 3558 poetarum
2884 3478 3138 3526 numero
3182 3462 3592 3527 coniecturam
3634 3460 3823 3528 facere

244 3568 475 3636 dubito.
706 3627 711 3634 .

440 3677 668 3761 Restat,
709 3682 778 3741 ut
819 3683 1052 3742 certum
1081 3676 1404 3763 quoddam,
1447 3677 1500 3741 si
1544 3676 1789 3760 quidem
1830 3677 1964 3742 lieri
1992 3684 2217 3763 potest,
2258 3683 2548 3766 temporis
2578 3682 2835 3766 spatium
2867 3682 3166 3763 deliniam,
3208 3681 3519 3765 quo-haec
3548 3683 3823 3761 carmina,

248 3806 330 3853 ex
372 3787 592 3871 quihus
637 3790 909 3851 extrema
952 3786 1278 3870 Odysseae
1320 3804 1461 3871 pars
1504 3789 1765 3868 constat,
1807 3793 1941 3856 orta
1985 3805 2132 3852 esse
2176 3790 2532 3856 existimem.
2615 3791 2711 3855 Ex
2750 3791 2848 3871 iis,
2892 3791 2971 3855 de
3015 3791 3235 3874 quibus
3290 3790 3610 3875 disputavi,
3649 3793 3823 3857 rebus

242 3898 365 3963 hoc
404 3895 549 3962 mihi
584 3895 830 3961 videtur
868 3912 1059 3981 posse
1101 3895 1410 3978 concludi,
1452 3896 1606 3961 haec
1648 3896 1912 3964 carmina
1954 3899 2015 3963 in
2058 3898 2366 3982 permultis
2404 3902 2608 3985 iisque
2652 3901 3032 3985 gravissimis
3071 3901 3257 3965 rebus
3301 3901 3378 3965 ab
3408 3899 3672 3967 Homero
3720 3901 3823 3967 dii·

456 4198 507 4275 ²)
546 4192 682 4256 Eust
728 4196 906 4265 1966,
953 4200 1029 4255 55
1074 4190 1399 4258 πεσόντων
1439 4190 1780 4270 Εὐπείὸεός
1819 4217 1893 4257 τε
1935 4196 2044 4258 καί
2083 4221 2271 4261 τινων
2313 4193 2551 4280 ἑτέρων.

281 4368 311 4380 ..
351 4366 363 4381 ο
451 4277 512 4356 ²)
554 4300 743 4341 versus
788 4280 1169 4344 4⁷2—488.
1218 4281 1565 4341 447—449
1618 4299 1736 4341 mea
1782 4285 2055 4342 sententia
2108 4284 2323 4342 delendi
2368 4291 2525 4350 sunt:
2582 4284 2758 4340 minus
2804 4292 2927 4357 apte
2973 4282 3065 4358 Sp.
3111 4301 3164 4358 p.
3213 4282 3333 4342 226
3378 4300 3458 4338 vv.
3507 4283 3667 4350 445,
3719 4284 3822 4341 446

245 4375 407 4427 ‘um'
452 4448 628 4527 εμπ.
666 4452 721 4527 ψ
762 4452 906 4518 949,
949 4470 999 4509 ω
1043 4451 1145 4521 19,
1186 4451 1289 4517 es,
1330 4451 1433 4519 99,
1476 4449 1620 4519 993,
1662 4451 1810 4521 aaa.
1851 4451 1996 4521 ees,
2035 4451 2184 4520 412,
2211 4451 2374 4521 Ave,
2414 4451 2562 4521 499,
2602 4451 2750 4518 499,
2792 4450 2938 4510 502.
