3825 5009
1878 195 1943 285 *a

125 409 424 496 'avymodi
453 408 750 475 vocabula
779 408 959 476 etiam
986 408 1050 473 in
1078 408 1509 492 antiquissimis
1538 408 1809 493 partibus
1840 411 2003 474 sunt.
2064 405 2131 470 ln
2156 406 2273 472 hac
2310 411 2511 472 autem
2539 410 2709 490 parte
2746 411 2870 470 non
2907 413 3104 489 pauca
3131 405 3408 472 invenies
3425 454 3445 489 ,
3488 409 3701 491 quibus

130 521 391 612 sewicio
410 520 747 584 excitetur.
781 517 1021 583 Omnia
1049 518 1149 584 illa
1176 512 1355 595 ἅπαξ
1383 516 1667 603 εἰρημένα
1696 517 1796 601 Sp.
1811 522 1864 598 ¹)
1894 516 2179 601 collegit,
2222 535 2297 581 ea
2324 523 2553 581 tantum
2590 517 3098 594 commemorabo,
3142 531 3300 599 quae
3335 518 3479 581 mihi
3507 518 3701 602 magni

125 631 410 703 umenti
441 646 588 694 esse
618 629 1022 703 videantur.2)
3627 715 3630 718 Δ
3699 635 3700 642 ’

125 770 203 814 3..
312 737 509 803 Multo
530 738 817 802 maiorem
833 738 1203 822 diligentiam
1225 737 1622 802 adhibendam
1644 754 1791 812 esse
1812 738 2020 821 putavi
2041 739 2102 802 in
2122 738 2186 803 vi
2208 743 2391 821 atque
2413 740 2889 817 constructione,
2917 745 3098 820 ‘quam
3121 744 3361 816 vocant,
3384 739 3701 803 verborum

125 846 579 934 mecmtanda.
639 845 875 910 Etenim
903 847 959 910 si
997 846 1154 914 haec
1192 851 1462 940 extrema
1499 863 1639 929 pars
1683 847 1781 924 (id
1823 848 1991 930 quod
2031 848 2173 911 mihi
2216 850 2744 931 persuasissimum
2785 854 2911 928 est)
2953 849 3144 934 longo
3184 850 3472 931 temporis
3513 851 3701 932 spatio

125 956 413 1038 'muteris
443 956 757 1039 plerisque
782 961 884 1020 est
909 956 1207 1038 sejuncta,
1250 954 1492 1019 dicendi
1520 972 1742 1039 genus,
1782 969 1917 1022 mos
1950 957 2277 1022 verborum
2306 957 2381 1023 ab
2411 957 2676 1022 Homero
2706 957 2883 1022 valde
2911 956 3301 1039 discrepabit.

125 1095 186 1149 w
320 1057 577 1131 Constat
607 1065 1155 1148 deindequaedam
1195 1062 1492 1129 vocabula
1521 1064 1721 1130 Iliadis
1753 1082 1899 1130 esse
1941 1068 2204 1150 propria,
2243 1084 2449 1148 neque
2493 1085 2566 1130 ea
2595 1068 2666 1129 in.
2687 1066 2802 1131 Od.
2831 1066 3120 1145 inveniri,
3161 1064 3277 1129 alia
3321 1072 3533 1129 contra
3564 1083 3701 1130 esse

125 1191 483 1281 ,ἔμπεσες
526 1174 589 1237 id
619 1174 785 1257 quod
806 1174 933 1257 jam
977 1174 1051 1238 ab
1081 1173 1508 1240 Alexandrinis
1548 1174 1684 1256 plus
1728 1174 1923 1239 semel
1966 1182 2064 1239 est
2099 1180 2461 1251 notatum.⁸)
2530 1174 2746 1257 Neque
2786 1191 2938 1238 vero
2979 1174 3225 1258 singulo
3266 1175 3489 1256 cuique
3520 1191 3701 1238 voca-

125 1301 256 1371 wo
289 1302 581 1367 magnum
610 1283 847 1362 tribuo,
890 1282 1004 1350 sed
1033 1284 1166 1366 ipsa
1196 1300 1408 1347 eorum
1437 1283 1814 1348 multitudine
1842 1283 2000 1348 hacc
2036 1290 2308 1348 extrema
2327 1284 2450 1348 od.
2489 1301 2630 1367 pars
2668 1284 3176 1367 insuspicionem
3206 1289 3476 1348 vocatur.
3535 1284 3701 1359 Quod

125 1399 327 1483 mmm
348 1392 647 1475 quaedam
670 1392 969 1457 vocabula
994 1391 1078 1472 ll,
1106 1391 1222 1456 alia
1245 1390 1361 1457 Od.
1385 1392 1626 1476 propria
1655 1398 1817 1472 sunt,
1844 1409 1970 1457 non
1998 1393 2209 1466 mirum
2238 1393 2434 1458 videri
2463 1397 2670 1475 potest
2693 1394 3110 1477 reputantibus
3140 1410 3263 1457 non
3290 1411 3412 1458 uno
3441 1400 3701 1476 tempora

126 1517 306 1608 :W
352 1500 625 1565 fortasse
665 1502 846 1565 etiam
888 1518 1012 1565 non
1051 1518 1173 1566 uno
1214 1500 1353 1566 loco
1384 1500 1559 1565 ll.·et
1586 1499 1702 1566 Od.
1736 1518 1883 1566 esse
1922 1508 2111 1566 ortas.
2193 1500 2275 1565 At
2311 1500 2427 1564 hac
2463 1501 2527 1564 in
2562 1519 2635 1565 re
2685 1501 2869 1583 hujus
2920 1503 3106 1585 partis
3152 1503 3287 1566 sive
3326 1506 3541 1567 auctor
3579 1504 3701 1566 sive

125 1615 445 1705 ‚paon-w,
489 1610 713 1694 quippe
740 1612 847 1693 qui
870 1610 939 1675 ΙΙ.
972 1610 1074 1676 vel
1100 1609 1261 1675 bene
1288 1611 1578 1675 memoria
1607 1616 1885 1675 tenerent
1912 1610 2048 1689 vel,
2081 1610 2153 1674 id
2182 1610 2348 1693 quod
2373 1610 2516 1674 mihi
2543 1612 2678 1675 veri
2718 1628 2865 1675 esse
2895 1610 3145 1674 similius
3176 1610 3450 1689 videtur,
3493 1611 3701 1673 litteris

125 1737 233 1825 ,suu
263 1720 606 1786 mandatam
634 1719 937 1804 legerent,
979 1720 1055 1784 ab
1084 1738 1224 1800 usu,
1268 1738 1449 1802 quem
1478 1722 1586 1802 qui
1613 1719 1727 1785 od.
1761 1720 2149 1804 pepigerunt,
2176 1720 2582 1796 retinuerant,
2611 1719 2972 1802 saepissime
3001 1719 3098 1783 vel
3129 1720 3297 1783 inviti
3327 1720 3701 1796 aberrarunt.

126 1830 257 1914 ,με
284 1829 620 1908 vocabula,
664 1846 822 1911 quae
863 1845 1067 1911 neque
1092 1829 1157 1893 in
1184 1828 1249 1892 ll.
1285 1846 1489 1911 neque
1526 1830 1593 1904 in
1622 1828 1738 1894 Od.
1779 1830 2184 1912 reperiuntur,
2226 1828 2287 1892 in
2319 1828 2588 1894 Hesiodo
2617 1827 2978 1912 hymnisque
2994 1874 3012 1905 ,
3055 1829 3160 1910 qui
3199 1828 3390 1912 vulgo
3420 1829 3701 1893 homerici

125 1943 445 2027 jomanmr,
472 1938 783 2003 invenies:
814 1955 851 2001 e
873 1938 1115 2020 quibus,
1145 1938 1291 2020 quid
1312 1939 1392 2003 sit
1412 1938 1840 2023 colligendum,
1870 1944 2090 2020 sponte
2114 1944 2380 2022 apparet.
2424 1938 2622 2004 Pauca
2646 1938 2745 2002 vel
2773 1936 3009 2021 hymnis
3031 1937 3148 2002 illis
3177 1939 3519 2002 recentiora
3549 1946 3701 2004 sunt.

126 2077 159 2136 M
320 2048 514 2125 Quam
543 2063 729 2131 parva
770 2064 922 2111 vero
965 2046 1190 2112 virtute
1231 2048 1473 2130 poetica
1515 2048 1740 2112 nedum
1780 2046 2091 2112 homerica
2131 2049 2326 2113 nostri
2369 2043 2626 2125 fuerint,
2690 2047 2834 2111 inde
2874 2048 3252 2131 potissimum
3293 2043 3701 2132 perspicieturg

135 2147 293 2244 ,aod
320 2158 430 2221 vix
458 2157 810 2222 credibilem
837 2173 1129 2221 versuum
1171 2156 1617 2222 homericorum
1658 2174 1976 2221 numerum
2015 2156 2437 2221 adhibuerunt.
2496 2157 2615 2231 Qui
2641 2172 2932 2221 numerus
2973 2162 3073 2220 est
3100 2161 3300 2220 tantus
3317 2201 3336 2235 ,
3379 2162 3447 2219 ut
3475 2157 3701 2239 quidam

125 2267 239 2356 μοὶ
266 2267 518 2331 centeni
561 2266 871 2332 homerico
915 2267 1035 2331 sint
1065 2264 1363 2334 simillimi.
1373 2270 1433 2342 ⁴)
1494 2266 1683 2346 Bene,
1726 2265 2004 2344 arbitror,
2043 2264 2372 2329 Homerum
2415 2264 2808 2329 edidicerunt.
2906 2265 3306 2337 Quamobrem
3345 2265 3408 2327 in
3448 2267 3701 2330 carmine

126 2375 409 2465 ¹⁵{ciendo
437 2376 799 2458 simulatque
827 2377 1227 2440 meminerunt
1255 2375 1509 2440 eandem
1549 2375 1883 2440 similemve
1924 2392 2054 2438 rem
2082 2376 2199 2439 iam
2229 2387 2376 2439 esse
2405 2373 2791 2458 descriptam,
2829 2373 3228 2456 desperantes
3258 2372 3525 2439 fortasse
3553 2373 3701 2455 fore,

148 2492 177 2550 t
214 2485 490 2551 divinum
516 2489 735 2568 poetae
771 2486 1087 2570 ingenium
1125 2485 1538 2567 adaequarent
1574 2490 1756 2567 atque
1786 2490 2165 2570 superarent,
2204 2484 2321 2549 sibi
2350 2484 2777 2567 quin'eosdem
2804 2501 3022 2549 versus
3053 2501 3171 2550 suo
3202 2484 3375 2568 operi
3400 2483 3701 2549 immisce·

126 2601 296 2686 put,
340 2600 681 2680 temperare
706 2612 833 2660 non
858 2600 1138 2679 potuere.
1194 2594 1411 2679 Neque
1428 2595 1638 2661 solum
1675 2595 1822 2667 totis
1861 2594 2148 2660 versibus
2187 2593 2511 2659 homericis
2544 2601 2688 2659 sunt
2715 2595 2813 2659 usi
2828 2640 2847 2673 ,
2891 2594 3006 2659 sed
3034 2595 3215 2658 etiam
3243 2595 3603 2677 saepissime
3634 2613 3701 2657 ex

126 2704 369 2792 [luobus
400 2721 589 2769 unum
616 2704 1052 2772 conflaverunt.
1113 2707 1313 2782 Quum
1338 2710 1543 2772 autem
1569 2710 1734 2770 tanta
1762 2705 2015 2769 aliorum
2042 2720 2267 2769 versus
2298 2721 2451 2769 suos
2481 2702 2742 2769 faciendi
2770 2710 3127 2768 tenerentur
3152 2703 3511 2786 cupiditate,
3554 2702 3701 2766 haud

126 2814 319 2906 gemel
345 2814 696 2898 turpissime
725 2820 870 2880 sunt
896 2815 1069 2899 lapsi.
1128 2814 1445 2880 Interdum·
1464 2815 1622 2878 enim
1649 2829 1872 2878 versus
1900 2813 2320 2895 repetiverunt
2345 2818 2465 2876 tam
2494 2813 2717 2894 inepte,
2760 2818 2829 2876 ut
2855 2817 3146 2876 contextu
3174 2812 3502 2875 verborum
3532 2817 3701 2893 atque

126 2921 628 3016 mmatione,
656 2941 815 3006 quae
844 2929 1022 2989 antea
1051 2922 1272 3004 fuerat,
1300 2921 1517 2988 deletis
1546 2923 1818 3005 ipsorum
1846 2938 2069 2985 versus
2097 2921 2317 2985 fierent
2344 2920 2786 2997 obscurissimi,
2816 2926 2884 2983 ut
2910 2920 3342 3003 perspicuitate
3370 2920 3468 2983 illa
3495 2919 3701 2983 home·-

126 3031 249 3124 ,ica
267 3032 558 3117 neglecta
579 3051 661 3097 ex
681 3032 938 3116 laqueis,
966 3038 1034 3097 ut
1050 3034 1134 3097 ita
1157 3033 1373 3108 dicam,
1399 3032 1461 3096 in
1485 3048 1637 3114 quas
1660 3030 2020 3107 inciderant,
2050 3031 2157 3094 vix
2176 3047 2251 3094 se
2280 3030 2587 3113 explicare
2615 3035 2799 3111 atque
2828 3029 3124 3112 expedire
3144 3034 3421 3112 possent,
3449 3027 3701 3109 denique

137 3147 189 3203 it
216 3142 353 3224 ipsa
379 3141 496 3205 hac
523 3142 898 3208 obscuritate
926 3141 1154 3208 furtum
1184 3147 1521 3225 appareret.
1583 3139 1771 3204 Cuius
1809 3140 1904 3203 rei
1943 3139 2284 3223 exemplum
2327 3156 2510 3203 unum
2553 3156 2816 3221 eumque
2854 3137 3399 3202 luculentissimum
3438 3137 3553 3199 iam
3597 3136 3701 3198 hoc

125 3267 262 3344 ,oco
288 3251 434 3316 mibi
462 3250 684 3316 afferre
714 3252 913 3316 liccat.
973 3251 1039 3317 ln
1065 3251 1160 3318 rb.
1186 3261 1238 3313 ’ω
1267 3254 1391 3317 408
1429 3250 1726 3333 legimus:
1787 3247 1866 3323 ὥς
1908 3245 2066 3333 φάθ’
2106 3248 2376 3324 (Ulixes)
2422 3245 2457 3309 ὃ
2490 3248 2762 3327 (Delius)
2803 3247 2856 3309 δ’
2864 3242 3046 3322 αὖτις
3084 3243 3129 3309 ὅ
3133 3247 3180 3333 ρ’
3225 3244 3376 3322 ἕζετ’
3423 3242 3701 3319 ἐυξέστοι

126 3360 227 3450 ,ἐπὶ
254 3360 511 3446 δίφρου.
569 3362 652 3427 At
681 3368 858 3426 antea
884 3361 1151 3428 noudum
1178 3360 1339 3425 sedit
1365 3359 1599 3424 Dolius.
1673 3359 1842 3434 Quae
1871 3374 1976 3422 res
2003 3356 2380 3422 Eustathium
2409 3357 2661 3439 quidem-
2681 3355 2874 3440 fugit,
2915 3373 3039 3421 non
3066 3355 3226 3439 fugit
3250 3354 3558 3418 Faesium:
3603 3353 3701 3417 sed

126 3484 265 3559 pam
305 3487 428 3534 non
469 3476 647 3535 recte
687 3470 992 3554 explicuit.
1083 3469 1440 3554 Suspicatus
1484 3486 1620 3534 sum
1661 3467 1824 3533 huuc
1866 3483 2115 3549 quoque
2158 3459 2405 3532 versum
2449 3466 2690 3531 aliunde
2721 3482 2880 3531 esse
2922 3467 3205 3548 petitum,
3259 3480 3567 3546 quumque
3613 3462 3701 3525 diu

126 3629 135 3670 Ι

336 3691 401 3768 1)
431 3693 539 3769 Sp.·
557 3694 594 3752 1.
625 3695 664 3751 1.
695 3711 751 3769 p.
787 3694 1132 3753 ιιι-183.

328 3775 397 3852 2)
427 3778 500 3835 cf.
532 3777 907 3836 Friedlander:
939 3778 1077 3837 uber
1100 3778 1183 3837 die
1206 3778 1333 3837 krit.
1352 3777 1678 3852 Benutzuug
1701 3776 1798 3836 der
1818 3775 1969 3834 hom.
1995 3762 2173 3847 ἅπαξ
2201 3768 2484 3856 εἰρημένα
2514 3776 2572 3831 in
2596 3774 2939 3835 Schneidew.
2962 3772 3158 3832 Philol.
3182 3773 3336 3832 1851
3362 3791 3419 3849 p.
3443 3773 3567 3833 228
3590 3790 3700 3847 sqq¹

330 3858 398 3936 3)
428 3861 512 3918 rh.
545 3860 625 3934 Ω,
656 3879 794 3936 quae
822 3862 1019 3939 procul
1050 3860 1214 3920 dubio
1243 3863 1299 3919 in
1328 3862 1513 3919 multis
1543 3860 1707 3918 rebus
1748 3860 1814 3917 ab
1844 3860 2011 3918 Iliade
2043 3868 2127 3917 est
2157 3859 2359 3925 aliena,
2405 3859 2600 3915 mirum
2643 3869 2778 3933 quot
2819 3857 3080 3915 vocabula
3119 3875 3243 3932 cum
3274 3858 3373 3915 Od.
3407 3866 3536 3914 sunt
3564 3874 3701 3913 com<

133 3944 331 4009 munia,
376 3954 509 4003 sunt
538 3946 682 4002 enim
710 3945 871 4004 haec:
916 3939 1158 4019 ἀεικείη,
1201 3938 1502 4026 δηλήμων,
1546 3936 1869 4016 ἐύσκοπος,
1911 3936 2193 4017 κάλλιον,
2236 3933 2525 4021 ἄριστον,
2567 3943 2708 4014 ἔσω,
2751 3934 2947 4023 φύρω,
2990 3934 3323 4013 θυοσκόος,
3363 3935 3700 4044 ἐσέδρακον

126 4020 460 4112 ,ommi-mg,
491 4021 808 4108 ἀνάρσιοι,
837 4020 1150 4111 ἄποτμος,
1189 4026 1487 4108 μελεϊστί,
1527 4021 1856 4105 ἀγαπάζω,
1903 4024 2143 4106 εἴσειμι,
2180 4023 2449 4096 τηλίκος,
2489 4021 2722 4108 πρῆξις,
2762 4020 3055 4106 ἀμμίξας,
3096 4018 3328 4103 reverti,
3370 4041 3541 4101 γονη,
3570 4015 3700 4083 ἄνω

138 4101 358 4189 ὄλβιος,
400 4107 684 4183 ἐκκαλέω,
725 4102 1026 4194 ἄργυφος,
1065 4107 1301 4192 δέμνια,
1341 4104 1539 4184 λύσις,
1581 4104 1754 4186 δάος,
1796 4104 2138 4193 κλαυθμός,
2177 4101 2516 4191 ’ρυοτάζω,
2559 4100 3049 4190 κατεστόρεσαν.
3096 4107 3316 4181 (ἔσθος
3350 4108 3440 4181 hy.
3472 4108 3586 4165 Sol.
3622 4108 3695 4165 13

135 4191 429 4276 κάλυμμα
455 4196 546 4271 hy.
578 4195 701 4253 Cer.
731 4196 832 4263 42,
875 4187 1148 4275 λωβητός
1174 4195 1303 4254 Hes.
1334 4194 1424 4253 Sc.
1457 4193 1626 4270 366.)
3019 4267 3028 4274 d

330 4276 401 4353 4)
430 4280 503 4337 cf.
535 4296 819 4338 recensum
848 4298 882 4337 a
911 4279 1005 4355 Sp.
1030 4279 1337 4338 confectum
1366 4297 1423 4354 p.
1453 4279 1821 4341 215—220.
1866 4278 2220 4354 Locupletior
2249 4277 2514 4350 ejusmodi
2546 4276 2706 4335 index
2731 4275 2860 4333 huic
2887 4276 3253 4335 dissertationi
3284 4274 3530 4333 addetur.
3553 4307 3638 4317 —-
3660 4276 3701 4330 h

126 4362 198 4438 ‚IL
221 4362 285 4422 Ω
311 4372 551 4431 centum,
580 4365 639 4421 in
660 4361 719 4424 Θ
742 4363 915 4423 multo
936 4363 1123 4438 plures
1145 4364 1414 4436 ejusmodi
1433 4380 1623 4425 versus
1646 4374 1796 4432 sunt,
1826 4371 2063 4438 utraque
2084 4378 2216 4424 vero
2246 4362 2540 4436 rhapsodia
2569 4360 2688 4419 aliis
2715 4376 2936 4435 quoqne
2966 4361 3034 4418 de
3064 4360 3244 4418 causis
3270 4360 3326 4416 iu
3357 4360 3701 4433 suspicionen

140 4454 376 4507 vocatur.
