3825 5009
1975 133 2078 212 18

231 333 335 398 καὶ
364 345 577 422 κῆρας,
621 331 885 422 πρόσσω
923 336 1027 400 καὶ
1072 333 1375 415 ὀπίσσω,ἱ
1396 333 1715 421 ὑπέσχετο
1759 340 1866 401 καὶ
1907 337 2308 413 κατένευσεν,
2352 333 2501 425 βόας
2542 343 2648 403 καὶ
2689 338 2836 425 ἰ’φια
2879 343 3054 425 μῆλα
3098 348 3272 420 (exc.
3303 344 3361 404 Ψ
3407 345 3580 423 166)
3619 377 3721 390 ··-
3759 343 3823 444 ἢ

229 446 583 532 πολεμίζειν
611 445 713 522 ἠδὲ
743 446 1083 530 μάχεσθαι,
1127 445 1400 532 ἀνείρεαι
1428 441 1531 522 ᾗδὲ
1561 450 1898 532 μεταλλᾷς,
1941 446 2226 533 διωκέμεν
2255 447 2358 525 ἥδὲ
2389 448 2715 533 φέβεσθαι,
2758 444 3047 535 ἡγήτορες
3077 449 3179 526 ἠδὲ
3210 450 3519 536 μέδοντες.

431 562 576 623 252.
624 554 948 642 ἐπιπρέπει
975 554 1035 619 ἁ.
1066 559 1108 618 ε’.
1167 556 1347 640 Apud
1388 556 1460 619 Η.
1494 556 1656 620 haud
1692 574 1834 621 raro
1873 557 2152 632 invenies
2185 579 2244 622 v.
2279 556 2655 645 μεταπρέπω
2694 560 3020 624 excellere.
3101 558 3331 624 Eadem
3373 560 3513 626 sere
3563 563 3681 627 vis
3719 564 3823 666 inq

228 668 292 732 in
322 665 663 746 adiectiviS,
692 684 849 748 quae
879 684 912 728 a
940 665 1149 730 radice
1178 690 1347 752 πρεπ
1378 665 1713 731 ducuntur:
1756 664 2111 754 ἀριπρεπής,
2142 663 2456 754 ἐκπρεπής,
2487 662 2897 754 μεταπρεπής.
2950 667 3085 732 Alia
3114 670 3282 734 notio
3310 669 3371 733 b.
3403 668 3444 733 l.
3481 677 3625 735 est.
3676 672 3823 780 Req

231 777 417 848 Eust:
463 770 756 856 κάτ“ὸ’ψιν
788 774 860 838 oi·
903 776 1126 848 δοῦλος
1164 774 1408 861 φαίνει,
1454 774 1536 838 nil
1575 776 1799 840 servile
1836 776 1899 839 in
1938 781 1999 840 te
2041 776 2431 862 conspicitur.
2482 776 2549 841 cl'
2571 778 2673 861 hy.
2708 776 2826 865 Cer
2855 782 2978 844 214
3010 778 3113 841 ἐπί
3153 803 3259 840 τοι
3301 757 3529 864 πρέπὲι
3564 774 3823 872 ὄμμασι

235 881 420 960 αἰδώς
447 880 750 970 καὶχάρις,
794 885 896 968 hy.
927 884 1096 948 Merc
1128 889 1270 951 351.
1317 883 1600 949 Ceterum
1629 886 1692 949 in
1720 906 1817 950 vv.
1848 890 2097 954 253—5
2128 893 2226 950 est
2254 887 2587 972 tautologia
2617 885 3065 967 molestissima,
3099 889 3476 953 constructio
3510 891 3738 955 verbo

232 1015 523 1086 perquam
561 995 864 1079 impedita.
948 995 1080 1070 Qua
1124 995 1202 1058 de
1245 1013 1315 1057 re
1358 1000 1526 1058 recte
1570 995 1858 1060 iudicavit
1900 996 2253 1063 Ernestius:
2323 998 2736 1072 „constructio
2786 1003 2987 1061 tamen
3028 996 3128 1060 hic
3170 996 3558 1064 subdifficilis
3615 895 3823 1068 vidire:

233 1106 723 1188 homericamque
752 1105 1244 1190 perspicuitatem
1273 1105 1467 1168 minus
1500 1121 1740 1189 sapere.
1792 1103 1928 1169 Nisi
1957 1103 2117 1170 forte
2150 1106 2477 1191 legendum
2508 1107 2587 1171 sit
2615 1101 2890 1192 τοιούτῳ
2919 1105 2986 1168 δὲ
3015 1111 3261 1170 ἐὸικεν.«
3817 1145 3823 1202 Ι

436 1222 580 1283 275.
628 1216 798 1303 δῶρα
828 1210 1071 1292 ξεινήια.
1118 1209 1376 1291 ξεινήιον
1405 1232 1650 1299 semper
1677 1215 1834 1299 apud
1864 1215 1937 1279 Η.
1969 1222 2068 1280 est
2095 1216 2557 1298 substantivum,
2600 1232 2898 1300 nusquam
2929 1216 3205 1280 adiicitur
3233 1217 3452 1302 δῶρον.
3520 1218 3698 1284 Huic
3727 1221 3823 1302 loq

238 1327 564 1392 consimilis
597 1332 695 1389 est
721 1325 1011 1389 Batrach:
1042 1343 1099 1386 v,
1136 1330 1234 1392 16.
1268 1316 1439 1409 δῶρα
1467 1323 1534 1387 δέ
1562 1349 1668 1388 τοι
1697 1323 1876 1389 δώσω
1905 1322 2136 1403 ξεινήια
2164 1321 2376 1390 πολλὰ
2405 1327 2510 1388 καὶ
2538 1324 2760 1390 ἐσθλά.
2819 1326 2993 1390 Dona
3021 1345 3195 1407 vero,
3232 1345 3390 1409 quae
3419 1327 3595 1393 filius
3630 1330 3823 1394 libers·

239 1437 508 1501 lissimus
538 1435 694 1499 illius
724 1432 1118 1518 Apheidantis
1148 1433 1306 1498 Ulixi
1334 1452 1406 1497 se
1434 1435 1686 1499 dedisse
1715 1442 1938 1517 narrat,
1969 1436 2225 1500 maxima
2254 1443 2397 1528 sunt
2424 1437 2800 1520 plurimaque
2828 1434 2987 1500 nulla
3018 1435 3131 1500 alia
3161 1435 3239 1500 de
3270 1454 3488 1513 causa,
3531 1440 3670 1505 nisi
3698 1439 3823 1522 quod

239 1551 456 1612 noster
486 1562 597 1610 eos
629 1561 851 1610 versus
892 1563 972 1608 ex
1013 1541 1423 1627 compluribus
1463 1545 1617 1608 locis
1658 1544 1908 1630 collegit
1950 1551 2134 1629 atque
2179 1546 2514 1611 coniunxit.
2576 1545 2847 1622 (Nullum
2884 1551 3030 1629 puto
3074 1546 3475 1612 vetustiorem
3517 1552 3823 1632 poetamil

239 1654 334 1720 rh.
363 1655 408 1719 1.
436 1660 528 1720 tot
571 1662 811 1739 tamque
856 1654 1049 1738 ampla
1094 1641 1249 1718 dona
1287 1652 1807 1740 Agamemnonem
1849 1654 2066 1719 Achilli
2108 1654 2493 1738 pollicentem
2537 1653 2837 1718 facturum
2879 1653 3134 1731 fuisse.)
3202 1655 3335 1718 Huc
3376 1658 3654 1736 accedit,
3697 1657 3823 1743 quod

242 1765 532 1830 mulieres
564 1765 721 1849 apud
749 1765 824 1828 H.
855 1764 1198 1848 hospitibus
1227 1781 1351 1828 non
1381 1764 1542 1827 dono
1575 1764 1812 1827 dantur.

446 1878 591 1942 286.
638 1874 798 1950 ξενίη
831 1876 1036 1953 (314),
1080 1871 1348 1957 ὑπάρξῃ.
1409 1873 1742 1956 Utrumque
1773 1872 2136 1937 vocabulum
2162 1872 2589 1944 recentissimo
2621 1874 2861 1938 demum
2890 1880 3163 1958 tempore
3190 1874 3251 1938 in
3281 1892 3402 1938 usu
3431 1873 3571 1938 fuit.

449 1987 592 2051 288.
637 1979 906 2047 πόστον.
964 1981 1179 2065 Neque
1209 1978 1412 2056 πόσος
1439 2000 1641 2065 neque
1672 1980 1917 2056 πόσσος
1946 1981 2102 2066 apud
2131 1982 2203 2047 H.
2237 1983 2693 2065 Hesiodumque
2724 1989 2837 2047 est.
2883 1988 2979 2063 (Ω
3013 1990 3129 2051 157
3159 1989 3562 2070 ποσσῆμαρ.)

453 2099 597 2161 293.
644 2092 1101 2181 περιστείλασα
1131 2089 1193 2154 ἁ.
1226 2094 1268 2154 ἑ.
1300 2091 1399 2175 Sp.
1432 2091 1613 2177 fugit.
3543 2077 3558 2082 “

454 2209 599 2274 304.
633 2211 692 2272 7.
737 2204 830 2269 De
857 2201 1161 2287 Alybante
1192 2203 1394 2287 deque
1423 2201 1659 2269 Sicania
1697 2202 1829 2289 egit
1869 2202 1970 2287 Sp.
2005 2221 2062 2286 p.
2099 2207 2177 2269 73
2210 2220 2346 2286 sqq.
2414 2200 2707 2287 Equidem
2760 2202 2930 2266 hisce
2984 2203 3172 2267 rebus
3222 2202 3344 2267 non
3387 2221 3687 2288 magnum
3735 2207 3819 2269 tri·

255 2313 508 2381 buerim.

457 2431 599 2493 305.
630 2432 691 2493 6.
738 2424 903 2488 Haec
928 2422 1171 2488 nomina
1201 2440 1378 2505 quam
1420 2421 1746 2487 artificiose
1791 2425 1908 2488 sibi
1950 2432 2165 2490 noster
2205 2423 2511 2491 effinxerit
2539 2429 2721 2507 atque
2752 2424 2834 2488 ita
2872 2423 3138 2506 quidem,
3181 2429 3247 2487 ut
3275 2422 3465 2488 Ulixis
3494 2423 3823 2508 Laertisquq

259 2552 400 2601 sors
431 2535 504 2598 iis
538 2533 1005 2619 significaretur,
1047 2534 1164 2596 iam
1191 2531 1365 2595 Eust.
1400 2531 1836 2597 animadvertit.
1884 2554 1941 2617 p.
1975 2539 2157 2603 1962.

463 2648 607 2711 308.
651 2644 749 2706 bic
779 2662 839 2706 v.
874 2659 955 2705 ex
983 2666 1026 2703 α
1060 2645 1178 2708 185
1210 2659 1419 2725 parum
1449 2647 1585 2725 apte
1632 2646 1729 2704 est
1774 2642 2111 2706 desumtuS.
2199 2642 2435 2734 Mentes
2483 2642 2674 2719 enim,
2717 2643 2939 2727 quippe
2984 2644 3085 2726 qui
3127 2645 3189 2707 in
3233 2643 3368 2727 ipso
3413 2643 3623 2729 oppido
3654 2623 3823 2746 esset

263 2758 471 2823 dicere
500 2754 695 2839 potuit
723 2770 937 2818 navem
969 2768 1116 2818 esse
1147 2750 1443 2836 ἕπόἔγροῦ
1472 2746 1670 2837 νόσφι
1699 2746 1957 2835 πόληος;
1999 2752 2115 2815 iam
2147 2767 2296 2816 vero
2326 2751 2567 2833 Ulixes,
2612 2753 2713 2835 qui
2741 2753 2875 2836 ipse
2913 2753 2975 2842 in
3014 2770 3167 2838 agro
3197 2753 3412 2836 procul
3453 2754 3527 2817 ab
3557 2754 3708 2818 urbe
3738 2761 3823 2834 est

265 2867 485 2933 eodem
513 2865 700 2930 utitur
728 2881 934 2927 versu.
3820 2901 3822 2956 l

468 2980 610 3043 319.
656 2969 837 3059 δριμὺ
870 2971 1045 3056 μένος
1073 2969 1419 3054 προῦτυψε.
1478 2970 1808 3054 Utrumque
1847 2971 2207 3037 vocabulum
2252 2979 2345 3035 ter
2386 2973 2449 3036 in
2490 2971 2555 3034 11.
2601 2980 2700 3037 est
2741 2980 3125 3058 usurpatum,
3175 2991 3255 3038 ne
3298 2972 3490 3037 semel
3532 2973 3823 3072 quidemiq

270 3087 408 3167 Od.,
450 3091 632 3169 atque
661 3078 1014 3168 προτόπτω
1044 3098 1288 3165 semper
1314 3081 1376 3145 in
1405 3079 1500 3144 illa
1541 3080 1797 3146 formula
1827 3086 2027 3163 Τρῶες
2067 3081 2133 3143 δὲ
2170 3079 2552 3166 προύτυψαν
2596 3081 2856 3157 ἀολλέες.
2943 3083 3160 3148 Mirum
3204 3082 3445 3165 quantis
3476 3081 3823 3182 Thierscbiq

264 3197 329 3260 h.
363 3197 404 3259 l.
433 3194 712 3261 laudibus
742 3197 1109 3278 prosecutus
1141 3199 1238 3257 cst
1254 3196 1329 3269 ¹).
2213 3278 2218 3284 .
2493 3265 2496 3270 y
3821 3227 3822 3254 2

474 3310 618 3372 339.
650 3305 784 3368 Duo
817 3303 1144 3388 sunt-apud
1176 3302 1246 3366 Η.
1278 3303 1468 3367 verba
1499 3301 1806 3388 ὀνομαίνω
1837 3306 1899 3367 et
1929 3297 2233 3387 ὀνομάζω,
2262 3300 2633 3387 ἐξονομαίνω
2665 3309 2727 3367 et
2754 3301 3103 3388 ἑξονομάζω
3134 3302 3268 3367 siue
3302 3301 3421 3369 ullo
3445 3302 3703 3368 notionis
3727 3303 3823 3468 dis]

274 3414 544 3484 crimine.
613 3413 815 3497 Atque
848 3434 905 3477 v.
941 3413 1247 3500 ὀνομαίνω
1288 3412 1527 3497 quidem
1566 3411 1844 3478 invenies
1887 3417 2123 3497 tempus
2167 3411 2434 3483 futurum
2473 3419 2537 3478 et
2563 3413 2884 3493 norisium,
2929 3412 3176 3478 alterius
3215 3428 3511 3496 praesens
3550 3418 3609 3476 et
3634 3414 3822 3497 imper¹

275 3524 523 3587 fectum.
588 3522 653 3587 Id
686 3524 849 3606 quod
878 3524 938 3588 h.
970 3522 1009 3585 l.
1043 3528 1140 3587 est
1168 3522 1514 3608 neglectum
1546 3522 1722 3601 (Hes.
1755 3520 1937 3607 frgm.
1972 3527 2009 3589 3
2041 3516 2413 3608 ὠνόμασεν).
3285 3565 3290 3578 .
3821 3541 3822 3618 χ

482 3638 623 3699 342.
684 3632 818 3716 Sp.:
870 3633 1099 3703 „simile
1130 3632 1380 3696 verbum
1419 3632 1599 3696 huius
1640 3632 1846 3714 stirpis
1878 3631 2036 3716 apud
2065 3632 2138 3697 Η.
2171 3650 2291 3697 non
2322 3632 2502 3718 legi.“
2553 3632 2631 3698 cf.
2680 3659 2712 3707 η
2762 3637 2877 3698 127
2897 3629 3139 3719 ,ξᾳιιειῐι
3178 3632 3375 3696 locum
3417 3636 3621 3695 noster
3663 3633 3823 3710 imilla]

276 3748 378 3807 tus
411 3748 525 3806 est.
3180 3819 3186 3823 .

484 3858 626 3919 344.
676 3851 923 3917 ὁππότε
953 3852 1027 3930 δὴ
1058 3853 1202 3930 Διὸς
1232 3854 1386 3942 ὧραι
1415 3855 1794 3940 ἐπιβρίσειαν
1823 3846 2110 3939 ὕπερθεν.
2154 3852 2325 3919 Jovis
2356 3833 2575 3918 Horas.
2605 3852 2676 3915 H.
2709 3869 2830 3917 non
2860 3852 3046 3915 novit.
3096 3851 3376 3915 Ceterum
3409 3851 3485 3913 de
3512 3850 3566 3913 h.
3604 3850 3641 3914 Ι.
3686 3855 3823 3970 recti

282 3962 728 4050 iudicavitISpa
774 3981 1052 4054 „pravam
1081 3965 1470 4030 imitationem
1497 3964 1780 4029 redolere
1804 3964 2089 4030 videntur
2116 3962 2409 4029 formulae
2438 3968 2491 4027 E
2512 3968 2587 4029 91
2626 3953 3011 4047 ὅτ’ἐπιβρίσῃ
3044 3957 3188 4035 Διὸς
3220 3954 3503 4047 ὅμβρος.«
3546 3959 3713 4024 Falso
3746 3962 3823 4170 Tu]

428 4281 433 4288 .
497 4237 544 4312 ¹)
587 4239 625 4295 l.
672 4240 706 4295 l.
754 4258 807 4315 p.
856 4241 954 4297 98.
1003 4240 1099 4297 99.
1189 4242 1498 4319 „Sprache,
1546 4243 1907 4318 Schilderung
1950 4243 2064 4301 und
2107 4244 2192 4302 die
2235 4257 2405 4317 ganze
2451 4240 2606 4300 Seele
2665 4235 2762 4298 des
2808 4238 3127 4297 Gedaukens
3181 4238 3363 4297 machi
3418 4236 3501 4293 die
3550 4235 3705 4295 Stelle
3759 4257 3782 4293 z
3821 4195 3822 4246 ¹

291 4321 709 4384 seelenvollsten
752 4325 851 4383 der
894 4342 1101 4400 ganzen
1149 4328 1290 4384 Od.“
1335 4335 1391 4384 et
1431 4328 1594 4404 paulo
1639 4330 1803 4388 infra:
1864 4328 2235 4400 „wahrhaftig
2276 4343 2400 4384 man
2444 4326 2584 4384 wird
2625 4326 2701 4383 im
2743 4325 2943 4381 lnnern
2988 4323 3275 4398 ergriffen,
3320 4337 3494 4401 ‚wenn
3540 4337 3656 4379 man
3708 4322 3760 4380 di

291 4408 458 4467 Stelle
502 4411 575 4467 im
621 4411 861 4484 Origiual
906 4411 1045 4478 liest,
1092 4413 1204 4469 und
1248 4413 1337 4469 ich
1380 4412 1569 4472 wollte
1613 4414 1785 4473 lieber
1828 4414 1916 4470 die
1960 4412 2138 4470 Halfte
2182 4410 2281 4469 der
2322 4410 2382 4467 ll.
2428 4411 2541 4467 und
2585 4409 2684 4468 od.
2729 4409 3013 4475 verberea,
3060 4408 3140 4465 als
3185 4407 3334 4466 diese
3378 4405 3604 4464 Scene.“
