3825 5009
2031 196 2145 286 m

410 379 417 384 ’
491 409 614 471 420
643 420 780 486 sqq.
840 400 1204 465 concionem
1234 397 1634 465 lubecensium
1664 398 1840 463 istam
1869 404 2185 463 narraturo
2213 396 2658 466 obversabatur
2686 395 2803 462 Od.
2834 396 2927 461 rh.
2958 397 3014 480 β,
3057 396 3269 477 inqua
3299 393 3725 459 Telemachus

286 517 620 580 vocaverat
646 490 1019 574 Ithacenses.
1084 509 1485 585 Quamobrem
1536 524 1659 572 non
1702 507 1898 571 solum
1942 507 2242 590 quosdam
2278 522 2501 573 versus
2543 506 2638 571 rb.
2679 505 2892 589 eiecit
2925 521 3111 584 suos,
3154 504 3270 567 sed
3315 503 3502 567 etiam
3545 505 3614 570 iu
3727 503 3741 517 '

288 621 651 706 quibusdam
682 619 866 682 rebus
900 637 1030 682 eam
1062 624 1163 682 est
1188 618 1467 681 imitatus.
1510 616 1577 680 lu
1605 615 1699 680 illa
1730 617 1955 706 primus
1987 616 2176 680 verba
2204 614 2348 681 facit
2366 615 2735 700 Aegyptius,
2764 617 2939 679 cuius
2964 613 3144 680 lilium
3171 619 3557 697 postremum
3585 615 3738 676 soci

268 731 477 795 'Ulixis
501 729 760 813 Cyclops
791 728 1158 808 comederat,
1179 729 1240 790 in
1268 726 1382 789 hac
1403 725 1755 810 Eupeithes,
1788 732 2004 809 (quem
2031 726 2225 809 ipsius
2254 726 2513 790 nominis
2538 741 2723 788 causa
2754 725 2968 787 nescio
2990 741 3066 786 au
3088 723 3392 786 dicentem
3414 722 3716 798 fluxerit)

282 839 470 903 fllium
496 838 745 922 primum
763 837 1105 919 Penelopae
1133 852 1460 928 procorum
1474 834 1681 898 Ulixes
1714 835 2317 918 occiderat‚uterque
2346 834 2612 918 loquitur
2630 833 2895 899 lacrimis
2921 833 3177 897 obortis.
3212 831 3634 896 Halithersem

274 953 499 1013 hoster
535 947 677 1010 facit
708 945 1186 1011 concionantem.
1256 944 1540 1008 Deterret
1561 941 1919 1008 Ithacenses
1954 945 2029 1008 ab
2066 944 2301 1008 iniuriis
2332 944 2737 1026 admonetque
2761 959 2876 1006 eos
2907 942 3223 1021 bonorum,
3253 958 3424 1024 quae
3450 941 3595 1024 ipse
3629 940 3721 1003 de

286 1060 363 1140 (β
394 1062 506 1125 161
544 1057 712 1140 sqq.)
757 1052 1170 1119 consiliorum.
1239 1052 1416 1128 Quod
1450 1069 1599 1116 vero
1630 1051 1852 1116 Medon
1882 1057 1946 1115 et
1974 1052 2275 1132 Phemius,
2306 1055 2420 1136 qui.
2437 1053 2552 1136 ipsi
2580 1052 2955 1132 libanenses,
2984 1069 3168 1132 quum
3195 1048 3506 1114 cadavera
3541 1048 3750 1114 effere

281 1166 569 1230 videntur
599 1164 872 1240 latuisse,
916 1180 1078 1226 nunc
1118 1161 1357 1226 demum
1394 1155 1717 1244 prodeunt,
1760 1161 2009 1225 vixdum
2037 1162 2255 1246 opinor
2291 1158 2729 1246 expergefacti,
2770 1178 2972 1228 nonne
3015 1162 3270 1226 mirum?
3328 1158 3486 1226 Mira
3531 1159 3764 1224 deiude

276 1274 524 1339 bulatur
552 1273 733 1337 Medo
765 1273 843 1334 de
875 1271 1144 1334 Minerva
1175 1270 1364 1334 Ulixis
1395 1271 1689 1335 adiutrice
1718 1277 1841 1337 445
1873 1288 2034 1354 sqq„
2075 1271 2193 1335 nisi
2223 1269 2383 1336 sorte
2410 1277 2625 1335 noster
2654 1271 2823 1335 aliam
2853 1268 3061 1334 caedis
3093 1268 3576 1352 descriptionem
3610 1269 3719 1346 (id
3743 1257 3799 1348 qd

282 1384 418 1447 veri
446 1399 569 1446 non
598 1387 698 1444 cst
727 1380 955 1456 simile)
989 1385 1129 1442 ante
1160 1378 1376 1444 oculos
1406 1379 1696 1444 habuisse
1728 1388 1825 1444 est
1852 1380 2216 1465 putandus.

488 1495 632 1557 432.
679 1486 981 1572 κατηφέες
1009 1484 1070 1550 ἁ.
1103 1490 1145 1550 ε’.
1177 1488 1295 1551 nisi
1325 1489 1461 1571 quis
1485 1507 1618 1553 cum
1649 1488 1826 1553 Grato
1848 1493 2048 1557 9253
2078 1506 2191 1573 pro
2219 1507 2281 1552 v.
2314 1483 2666 1573 κατηφόνες
2692 1486 3336 1578 xaoempe'sglegendum
3366 1503 3524 1553 esse
3548 1485 3799 1552 contem!

484 1605 630 1667 437.
677 1596 1125 1684 περαιωθέντες
1159 1597 1386 1668 „forma
1416 1615 1620 1681 neque
1648 1597 1722 1660 Η.
1754 1616 1960 1681 neque
1990 1598 2264 1662 Hesiodo
2294 1598 2562 1683 cog-nita.
2572 1609 2605 1643 α
2673 1596 2773 1681 Sp.

485 1712 629 1774 459.
686 1711 857 1770 θῦνε.
885 1710 1057 1769 semo
1087 1724 1146 1768 v.
1175 1706 1239 1769 ll.
1273 1706 1465 1790 (apud
1496 1706 1640 1772 Hes·
1674 1702 1859 1787 Sim).

480 1816 547 1881 ln
572 1835 674 1880 vv.
703 1818 1036 1882 445-449
1065 1815 1227 1879 inest
1253 1816 1591 1899 tautologia
1621 1816 2047 1882 molestissima
2078 1817 2303 1900 vixque
2334 1815 2667 1894 toleranda,
2689 1814 2942 1881 forsitan
2974 1833 3072 1879 vv.
3103 1819 3439 1882 447-449
3474 1816 3604 1880 sint
3633 1814 3799 1882 delen

282 1929 419 2003 Quo
448 1924 611 1989 facto
640 1924 1042 2009 repugnantia
1070 1924 1186 1987 ist-a
1212 1924 1328 1986 erit
1357 1922 1612 1986 sublata.

482 2039 624 2101 450.
659 2029 818 2097 idem
849 2052 908 2095 v.
952 2056 996 2114 χ
1025 2037 1127 2111 42,
1172 2049 1294 2114 quo
1324 2032 1463 2096 loco
1493 2031 1678 2097 multo
1709 2034 1904 2116 aptius
1951 2037 2049 2097 est
2077 2034 2334 2117 positus.
2358 2033 2468 2098 lbi
2513 2035 2672 2098 enim
2701 2034 2908 2098 Ulixes
2937 2032 3203 2098 Antinoo
3247 2032 3586 2100 interfecto
3629 2053 3704 2100 se
3741 2045 3799 2095 eu

274 2144 511 2208 Ulixem
540 2141 825 2223 ostendit,
868 2143 985 2206 iam
1014 2159 1238 2225 procos
1267 2142 1592 2226 superbiae
1622 2159 1855 2225 poenas
1888 2159 2033 2207 esse
2066 2142 2335 2221 daturos,
2378 2151 2494 2207 νῦν
2520 2167 2687 2228 υμιν,
2716 2145 2930 2227 inquit,
2967 2144 3075 2205 καὶ
3101 2150 3302 2206 πᾶσιν
3332 2141 3612 2229 ὀλέθρου
3643 2135 3799 2226 πείραέ

276 2258 575 2339 ἐφῆπται.
621 2253 772 2316 Tum
801 2271 952 2317 vero
972 2270 1206 2335 -procos
1238 2253 1312 2317 ad
1344 2271 1529 2317 unum
1560 2270 1774 2317 omnes
1806 2254 2024 2317 timore
2054 2253 2421 2338 gravissimo
2450 2253 2771 2337 perculsos
2801 2251 3001 2316 fuisse
3032 2258 3517 2316 consentaneum
3546 2259 3670 2317 est.
3713 2252 3799 2328 Qua

273 2369 488 2429 nostro
519 2362 659 2426 loco
692 2368 790 2425 est
823 2380 1031 2425 secus.
1101 2361 1328 2426 Omnes
1359 2361 1605 2443 quidem
1633 2360 1986 2428 lthaceuses
2030 2381 2264 2428 summo
2305 2364 2519 2427 timore
2559 2362 2756 2428 fuisse
2786 2361 3103 2440 dicuntur,
3147 2367 3207 2425 at
3246 2360 3654 2427 nihilosecius
3690 2354 3799 2445 paul

271 2477 416 2558 ‘post
446 2470 684 2534 dimidia
713 2469 847 2531 fere
877 2485 1018 2553 pars
1049 2474 1261 2532 contra
1289 2468 1520 2532 Ulixem
1548 2472 1755 2535 armati
1787 2472 2209 2556 egrediuntur.

476 2582 830 2644 450—454.
872 2577 989 2642 iam
1019 2576 1151 2641 aliis
1180 2576 1333 2656 locis
1364 2577 1670 2662 leguntur.

472 2692 618 2755 463.
664 2687 961 2770 ἀλαλητῷ
1004 2706 1062 2750 v.
1108 2684 1172 2751 ll.
1217 2688 1544 2770 proprium,
1585 2686 1864 2752 bellicum
1907 2688 2261 2772 plerumque
2291 2688 2605 2773 significat
2633 2688 2984 2770 clamorem,
3025 2688 3086 2753 h.
3117 2688 3157 2753 l.
3189 2694 3288 2755 est
3317 2688 3397 2755 de
3433 2689 3544 2766 iis,
3578 2688 3676 2771 qui
3699 2701 3799 2774 paq

275 2804 544 2864 amantes
575 2815 742 2861 suam
774 2796 1036 2878 quisque
1068 2796 1309 2860 domum
1337 2797 1671 2866 redeunt.
3796 2801 3798 2842 ¹

472 2912 618 2974 467.
649 2911 810 2978 500.
855 2911 1068 2990 νῶροψ
1096 2922 1151 2967 v.
1180 2904 1265 2972 ll.
1269 2924 1533 2989 ,neque
1564 2908 1626 2970 iu
1651 2907 1766 2972 Od.
1798 2926 2001 2991 neque
2032 2907 2192 2992 apud
2220 2907 2552 2973 Hesiodum
2584 2913 2700 2973 est.
3585 2905 3598 2920 ‘

475 3021 622 3084 471.
670 3014 840 3079 Unde
869 3014 1112 3138 tandem
1141 3015 1344 3079 sciunt
1369 3013 1748 3097 Ithacenses,
1791 3035 1899 3081 rus
1931 3018 2225 3102 petivisse
2254 3015 2535 3084 Ulixem?
2582 3017 2738 3082 fama
2781 3024 2951 3082 certe
2987 3017 3134 3082 'nihil
3162 3017 3239 3084 de
3268 3017 3381 3084 hac
3408 3034 3481 3082 re
3513 3009 3799 3102 divulgant

277 3141 425 3191 esse
452 3125 718 3189 videtur.

476 3215 677 3300 472-
685 3235 829 3299 488.
876 3230 1250 3319 colloquium
1279 3232 1590 3298 Minervae
1629 3239 1813 3318 atque
1842 3233 2016 3299 Jovis
2047 3209 2421 3320 ineptissime
2462 3243 2560 3301 est
2597 3237 2933 3302 institutum
2971 3244 3155 3320 atque
3184 3235 3326 3299 huic
3361 3236 3499 3301 loco
3547 3231 3798 3319 iuterpos

275 3350 420 3407 tum.
489 3343 726 3425 Optime
755 3341 946 3426 igitur
971 3343 1106 3426 ipse
1135 3341 1429 3427 luppiter,
1474 3344 1578 3426 qui
1605 3362 1716 3427 per
1742 3349 1924 3408 totam
1956 3344 2071 3409 Od.
2106 3363 2407 3428 nunquam
2446 3345 2579 3410 fere
2609 3364 2712 3411 res
2741 3345 3031 3410 humanas
3073 3352 3290 3410 curare
3330 3346 3609 3423 videtur,
3654 3346 3799 3410 Mina

277 3470 416 3531 vae,
459 3453 633 3515 cuius
665 3470 851 3537 opera
883 3454 1080 3516 omnia
1111 3460 1284 3517 erant
1310 3452 1489 3529 facta,
1520 3449 2028 3539 responditz'hoc
2056 3472 2180 3519 non
2210 3451 2359 3520 ess'e
2389 3473 2588 3537 suum,
2631 3473 2778 3522 esse
2801 3456 3130 3534 Minervae,
3160 3456 3325 3539 quod
3366 3457 3495 3540 ipsa
3525 3451 3799 3522 inchoavi

245 3567 399 3641 sset,
433 3562 496 3624 id
517 3562 592 3624 ad
621 3561 797 3625 finem
828 3579 1028 3644 usque
1054 3562 1411 3646 perducere.
1448 3562 1640 3628 Nemo
1671 3562 1949 3646 profecto
1977 3565 2318 3645 miraretur,
2350 3566 2402 3630 si
2426 3566 2718 3646 Minerva,
2747 3571 2814 3629 ut
2842 3583 3049 3650 saepe,
3080 3567 3160 3632 ita
3189 3583 3351 3632 nunc
3380 3583 3635 3649 quoque
3671 3567 3798 3649 sport

280 3670 438 3735 Jove
467 3675 637 3754 patre
667 3687 786 3734 non
820 3671 1102 3736 consulto
1134 3671 1389 3751 Ulixem,
1433 3674 1493 3735 in
1523 3671 1791 3736 ultimum
1828 3674 1994 3740 vitae
2024 3674 2350 3738 discrimen
2390 3682 2690 3755 vocatum,
2733 3675 3092 3740 adiuvisset.
3139 3675 3428 3739 Fortasse
3460 3695 3520 3740 v.
3557 3680 3710 3754 502,
3747 3685 3799 3735 cu

282 3779 416 3843 dam
445 3782 664 3862 poetae
693 3777 812 3842 hoc
843 3780 1206 3863 colloquium
1238 3781 1499 3845 addendi
1529 3781 1806 3864 praebuit
1837 3800 2065 3846 ansam.
2133 3784 2412 3867 Plerique
2443 3786 2578 3850 eius
2609 3802 2834 3848 versus
2866 3784 3106 3850 aliunde
3136 3791 3279 3849 sunt
3316 3785 3507 3872 petiti.

480 3890 626 3953 485.
670 3890 908 3962 έόιλησις
936 3885 996 3954 ἁ.
1030 3893 1072 3952 ἑ.
1105 3908 1162 3952 v.
1195 3890 1435 3953 minime
1465 3889 1857 3955 homericum.

482 3997 628 4062 486.
686 3991 903 4080 εἰρήνη.
933 3997 992 4061 h.
1025 4017 1086 4061 v.
1128 4000 1190 4063 in
1230 4000 1669 4081 antiquioribus
1711 3999 1911 4066 Iliadis
1945 4001 2392 4086 Odysseaeque
2432 4003 2703 4089 partibus
2734 4019 2856 4070 non
2886 4003 3309 4088 deprehendes
3352 3986 3444 4081 (Β
3473 4006 3632 4082 797,
3680 4007 3713 4065 1
3737 3999 3799 4064 40

280 4106 335 4167 X
367 4107 507 4184 156,
549 4104 696 4169 lles.
732 4104 885 4189 opp,
912 4110 1058 4187 228,
1102 4108 1209 4174 Th.
1242 4112 1365 4175 902
1396 4103 1679 4194 Εἰρήνη).
1748 4176 1753 4181 ,

325 4235 331 4244 ·
486 4216 629 4282 489.
699 4214 894 4279 Recte
938 4215 1080 4300 Spa
1131 4218 1228 4289 ‚siu
1273 4217 1547 4283 cuiusvis
1593 4218 1841 4285 auribus
1890 4221 2144 4285 haerent
2189 4221 2407 4285 verba:
2464 4218 2674 4308 αὐτὰρ
2713 4224 2846 4288 ἐπεὶ
2882 4216 3107 4296 πόσιος
3151 4229 3296 4301 etc.,
3341 4238 3501 4302 quae
3545 4222 3799 4306 exspecta

282 4320 512 4389 florum
553 4324 691 4388 loco
734 4321 1222 4392 subministratur
1260 4326 1396 4393 talis
1438 4328 1708 4395 imitatio.
1795 4329 2001 4410 Atque
2046 4349 2118 4395 ea
2163 4331 2410 4412 quidem
2456 4332 2532 4396 ad
2577 4331 2837 4396 eundem
2881 4330 3109 4396 fontem
3163 4338 3259 4395 est
3307 4328 3673 4410 referenda,
3724 4323 3799 4416 unt
