3825 5009
130 2928 136 2933 ’
254 2935 385 2983 eam
415 2936 848 3002 personarum,
895 2928 1236 3006 terrarum,
1271 2922 1528 2987 deorum
1558 2923 1972 3008 cognitionem
2000 2930 2065 2988 et
2090 2924 2437 3005 scientiam,
2480 2940 2658 3004 quam
2686 2923 2750 2986 in
2779 2920 3040 3004 quadam
3077 2922 3248 3003 parte
3288 2913 3745 2999 deprehendas,

2024 207 2082 288 ⁴

255 408 581 493 diligenter
608 414 672 471 ct
708 406 1017 472 laboriose
1053 407 1113 471 in
1156 425 1340 473 unum
1382 408 1557 491 quasi
1599 425 1824 493 corpus
1869 407 2153 495 collegit,
2209 407 2383 475 hisce
2423 406 2607 487 viris,
2657 424 2815 492 quos
2856 407 2992 494 ipse
3032 414 3162 472 τῶν
3202 401 3361 469 τότε
3402 427 3539 493 γρ,
3806 470 3818 503 ⁴

255 518 642 605 κορυφαίους
668 523 868 597 vocat,
910 517 1299 601 ineptissimis
1329 534 1481 583 sane
1511 517 1590 582 de
1620 519 1828 583 causis
1865 518 2248 584 adversatur.
2307 519 2707 603 Posteaquam
2735 524 2938 584 autem
2966 523 3107 582 ante
3142 516 3260 582 bos
3301 514 3688 600 sexaginta
3740 550 3742 553 -
3812 584 3815 591 ,

254 625 536 705 Wolfius,
564 625 930 711 philologiae
952 627 1313 691 recentioris
1336 625 1515 691 facile
1537 628 1841 712 princeps,
1871 645 2053 711 quum
2076 627 2209 694 aliis
2230 634 2479 694 nostrae
2509 628 2863 712 disciplinae
2890 627 3163 713 partibus
3193 632 3322 690 tum
3343 624 3672 689 Homero
3712 648 3763 679 m*

254 737 434 819 quasi
463 737 659 801 lucem
690 735 930 801 affudit:
959 744 1085 801 tum
1114 736 1351 801 demum
1383 737 1777 819 quaestiones
1805 737 2174 818 homericae,
2204 738 2603 823 gravissimae
2626 736 2765 802 illae
2789 743 2854 801 et
2871 734 3276 816 difficillimae,
3305 734 3612 800 summis
3688 733 3701 747 ’

256 845 572 911 doctorum
603 846 818 911 studiis
850 846 1068 931 agitari
1095 850 1280 930 atque
1318 848 1554 912 versari
1593 850 1848 929 coeptae
1877 852 2040 924 sunt.
2113 845 2329 930 Neque
2365 852 2606 932 postea,
2646 846 3002 931 praesertim
3043 846 3106 911 in
3135 845 3487 927 Germania,
3535 840 3753 908 defu

257 955 362 1037 qui
388 955 452 1019 in
481 956 578 1018 via
608 974 641 1018 a
664 954 884 1019 Wollio
913 955 1139 1019 munita
1167 954 1415 1040 longius
1444 955 1986 1040 progrederentur,
2028 956 2133 1038 qui
2162 956 2402 1042 singula
2431 975 2713 1042 quaeque
2745 957 3068 1043 diligenter
3094 954 3468 1040 perscrutati
3508 957 3692 1019 sent
3710 976 3735 1004 ι»
3760 962 3785 991 ··

254 1082 293 1128 a
322 1063 540 1129 Wollio
568 1066 937 1150 propositam
965 1065 1145 1130 novis
1174 1064 1477 1148 novisque
1515 1066 1891 1150 argumentis
1924 1065 2405 1150 comprobarent,
2447 1072 2573 1146 aut,
2601 1084 2762 1150 quae
2805 1065 3074 1131 fortasse
3104 1064 3301 1129 minus
3330 1068 3525 1128 recte
3569 1068 3770 1127 statu

253 1174 612 1240 refutarent.
694 1175 787 1236 De
818 1180 1090 1238 extrema
1132 1179 1333 1238 autem
1364 1171 1699 1258 Odysseae
1722 1180 1933 1257 parte,
1975 1174 2054 1239 de
2095 1191 2216 1258 qua
2259 1177 2532 1242 scribere
2569 1177 2711 1242 mihi
2753 1176 3125 1262 propositum
3164 1181 3295 1252 est,
3342 1172 3660 1258 egregie
3708 1200 3734 1227 ιι
3758 1196 3791 1223 -..

254 1283 357 1346 Fr.
385 1282 548 1367 Aug.
578 1282 732 1345 Guil.
767 1281 1072 1365 spohn21),
1122 1284 1227 1365 qui
1263 1283 1491 1366 primus
1523 1284 1880 1347 sententiam
1909 1283 2281 1366 Aristarchi,
2325 1292 2501 1351 antea
2528 1304 2723 1370 paene
2759 1286 3128 1371 incognitam
3157 1289 3220 1348 ct
3245 1283 3666 1368 neglectam,
3697 1279 3763 1342 d

258 1390 653 1455 confirmavit.
713 1389 769 1454 A
800 1407 922 1474 quo
950 1391 1232 1474 plurimas
1270 1409 1374 1457 res
1392 1438 1410 1473 ‚
1456 1391 1675 1475 quibus
1716 1395 2027 1457 recentior
2064 1395 2252 1478 hujus
2292 1397 2480 1480 partis
2520 1397 2701 1481 origo
2741 1397 3062 1481 probetur,
3115 1400 3287 1458 recte
3325 1409 3488 1457 esse
3527 1408 3688 1473 exp
3725 1418 3764 1439 -ν

259 1500 424 1564 haud
455 1501 697 1584 ignoro,
744 1499 1061 1567 nonnullas
1092 1506 1314 1583 tamen,
1354 1518 1514 1585 quae
1544 1508 1608 1567 et
1633 1502 1805 1586 ipsae
1834 1501 1995 1568 haud
2030 1504 2201 1587 parvi
2238 1506 2523 1570 momenti
2553 1511 2785 1587 essent,
2827 1505 3050 1585 omisit,
3089 1503 3152 1568 in
3180 1501 3398 1586 paucis
3427 1502 3594 1584 eiu
3631 1517 3672 1563 s
3693 1522 3769 1551 π·

254 1610 398 1672 tiam
426 1609 640 1674 falsam
671 1628 816 1675 esse
845 1612 1071 1694 putavi.
1134 1611 1250 1687 Qui
1280 1612 1554 1694 quamvis
1586 1629 1815 1676 summa
1844 1612 2222 1694 eruditione,
2264 1632 2496 1682 summa
2525 1615 2840 1701 diligentia
2864 1614 3022 1680 hanc
3060 1612 3493 1698 quaestionem

257 1724 321 1781 et
347 1737 543 1802 paene
564 1721 690 1801 jam
719 1720 1084 1803 profligasse
1122 1720 1434 1786 videatur:
1476 1726 1678 1786 tamen
1715 1721 1896 1787 etiam
1934 1740 2097 1788 nunc
2133 1721 2300 1787 multi
2326 1717 2684 1783 Aristarcho
2725 1719 3088 1802 repugnant.
3160 1712 3352 1777 Nemo
3393 1711 3644 1796 epium·
3696 1735 3775 1765 .·=··

254 1833 530 1911 tempore
558 1829 813 1911 necyiae
842 1830 1020 1895 istius
1064 1830 1377 1895 secundae
1418 1831 1716 1915 suscipiet
1757 1832 2185 1915 patrocinium,
2229 1837 2290 1895 at
2332 1830 2446 1895 alia
2490 1832 2700 1892 contra
2737 1825 3104 1891 defensores
3122 1869 3140 1904 ‚
3184 1839 3433 1905 eosque,
3469 1819 3662 1884 hand

254 1937 495 2002 nendos
534 1936 959 2017 habuerunt.2)
1029 1940 1120 2003 Eo
1150 1940 1340 2024 igitur
1369 1940 1646 2017 consilio,
1687 1945 1756 2002 ut
1794 1957 2165 2005 summorum
2205 1938 2731 2025 grammaticorum
2769 1932 3132 2000 sententiam
3158 1951 3194 1996 a
3221 1930 3497 2014 Spohnio
3542 1948 3607 1993 r
3649 1952 3701 1982 ι-·

256 2052 440 2129 atque
471 2049 937 2132 comprobatam,
981 2049 1360 2131 quantumin
1388 2066 1506 2127 mc,
1550 2049 1730 2112 ctiam
1773 2049 1971 2134 magis
2030 2049 2479 2114 confirmarem:
2525 2063 2707 2130 ·quae
2749 2044 2886 2127 ipse,
2927 2040 3391 2127 diligentissima
3435 2038 3641 2120 hujus
3688 2055 3745 2118 p
3788 2042 3795 2079 ‘·

252 2153 520 2220 lectione
551 2157 1044 2239 observaveram,
1089 2158 1302 2223 litteris
1332 2157 1619 2223 mandare
1650 2157 1958 2223 constitui.
2036 2158 2167 2246 Qua
2196 2157 2258 2221 in
2284 2174 2355 2221 re
2392 2158 2476 2220 ita
2504 2173 2540 2219 a
2568 2154 2827 2234 ratione,
2856 2170 3032 2236 quam
3061 2150 3165 2234 Sp.
3193 2154 3451 2216 secutus
3483 2153 3613 2224 est,

255 2265 411 2343 dam,
442 2272 511 2329 ut
538 2284 655 2331 suo
686 2285 991 2351 quamque
1018 2273 1249 2353 partem
1278 2267 1416 2333 loco
1446 2273 1719 2345 tractem,
1749 2273 1818 2332 ut
1845 2266 1927 2331 de
1955 2266 2262 2347 versibus,
2291 2265 2512 2350 quihus
2543 2262 2845 2343 offendor,
2873 2261 3165 2343 deinceps
3194 2276 3394 2343 agam.
3454 2254 3775 2419 Neque
3715 2270 3797 2314 ιι·-

252 2374 439 2437 mihi
421 2395 485 2439 ιιι
514 2378 710 2440 animo
743 2383 840 2442 est
871 2396 1031 2461 quae
1061 2380 1164 2459 Sp.
1191 2379 1315 2458 jam
1342 2378 1503 2441 bene
1534 2378 1819 2461 exposuit
1847 2378 2172 2494 persequi,
2215 2395 2291 2442 ea
2318 2375 2512 2441 tribus
2541 2372 2750 2439 verbis
2780 2370 3091 2436 indicasse
3122 2374 3219 2433 sat
3247 2368 3397 2445 erit,
3443 2382 3667 2448 quae

255 2498 330 2545 ea
359 2482 673 2565 copiosius
705 2485 1043 2567 explicabo.
1481 2506 1488 2514 ·

453 2590 583 2654 Jam
612 2587 765 2657 vero
797 2592 1227 2659 discernuntur
1271 2593 1464 2677 vulgo
1508 2592 1633 2657 duo
1676 2599 2173 2677 argumentorum
2216 2610 2522 2679 genera,
2542 2610 2627 2658 ex
2667 2591 2890 2675 quibus
2934 2590 3014 2655 de
3056 2587 3398 2654 vetustiore
3426 2584 3768 2650 recentiore

252 2706 472 2777 aetate,
504 2719 620 2783 qua
651 2701 956 2784 quaelibet
985 2703 1311 2765 carminum
1339 2702 1400 2765 h.
1433 2717 1573 2785 pars
1606 2707 1821 2767 exorta
1850 2703 1950 2783 sit,
1974 2703 2270 2786 judicium
2300 2703 2467 2767 ferre
2494 2702 2697 2767 liceat.
2747 2701 3023 2768 Alterum
3050 2700 3214 2764 inest
3239 2698 3305 2762 in
3329 2694 3640 2776 rebus,
3673 2716 3711 2744 -···
3741 2714 3765 2739 ‘¹-

250 2811 314 2873 in
344 2810 569 2874 verbis.
622 2811 773 2875 Illud
803 2813 1129 2877 versatur
1114 2831 1174 2876 ιιι
1200 2812 1388 2877 robus
1422 2812 1890 2898 geographicis,
1930 2813 2261 2895 historicis,
2301 2812 2730 2904 mythologicis
2760 2795 3018 2894 aliisque
3044 2808 3107 2874 id
3139 2822 3363 2892 genus.
3424 2805 3690 2870 Damon
3717 2824 3725 2847 ·

253 3029 531 3094 omnibus
561 3029 692 3094 aliis
728 3048 874 3095 esse
904 3031 1178 3095 alienam.
1215 3030 1568 3113 ·l’lerasque
1608 3033 1910 3122 ejusmodi
1949 3050 2053 3096 res
2090 3034 2215 3114 jam
2244 3052 2280 3097 a
2308 3033 2411 3115 Sp.
2445 3032 2603 3095 bene
2648 3030 2961 3114 expositas
3007 3026 3374 3094 brevissime
3398 3023 3730 3105 tractabo,
3771 3013 3813 3031 ’“

252 3136 412 3203 forte
443 3140 531 3203 ab·
551 3141 688 3223 ejus
719 3140 1004 3222 opinione
1034 3140 1176 3203 mihi
1204 3139 1618 3204 recedendum
1649 3141 1784 3203 erit.

452 3248 641 3312 Multo
667 3249 959 3332 majorem
986 3249 1108 3312 vim
1144 3248 1358 3314 inesse
1397 3253 1542 3332 puto
1581 3249 1646 3313 in
1684 3264 1763 3313 eo
1779 3265 2077 3334 genere,
2125 3249 2294 3332 quod
2337 3249 2610 3314 secundo
2651 3248 2792 3314 loco
2822 3247 3038 3333 posui,
3088 3244 3325 3312 scilicet
3359 3243 3425 3308 in
3451 3236 3821 3327 argenteum

256 3372 414 3438 quae
443 3376 480 3420 a
509 3375 814 3440 sermone,
856 3359 1063 3423 verbis
1096 3356 1534 3440 vocabulisque
1561 3363 1940 3441 repetuntur.
2000 3360 2293 3435 Quamvis
2324 3360 2484 3426 enim
2522 3359 2704 3424 multa
2742 3359 2806 3423 in
2840 3356 3166 3422 homericis
3204 3353 3576 3419 carminibus
3611 3371 3651 3417 a
3678 3350 3821 3428 thur

256 3464 427 3528 sodis
461 3466 582 3529 sint
609 3473 868 3549 mutata,
909 3474 1109 3531 tamen
1140 3467 1318 3531 etiam
1346 3485 1509 3532 nunc
1535 3467 1697 3532 haud
1737 3484 1931 3552 pauca
1970 3474 2148 3548 sunt,
2203 3468 2366 3534 unde
2410 3470 2490 3534 de
2531 3470 2833 3551 cuiusque
2873 3465 3156 3530 carminis
3197 3469 3397 3528 aetate
3435 3462 3821 3550 conjectura·

253 3572 462 3638 facere
491 3572 702 3638 liceat.
761 3583 821 3639 at
847 3595 1081 3644 summa
1111 3593 1266 3660 opus
1298 3582 1398 3643 est
1427 3575 1781 3661 diligentia,
1815 3594 2047 3642 summa
2085 3578 2405 3658 cautione,
2447 3596 2527 3644 ne
2563 3577 2803 3642 levibus
2847 3575 3175 3661 parvisque
3212 3572 3405 3638 rebus
3446 3571 3704 3635 nimium
3741 3566 3821 3631 trid

255 3680 505 3748 buendo
548 3689 733 3747 totam
773 3694 1043 3753 nostram
1084 3685 1310 3771 agendi
1343 3686 1639 3750 rationem
1683 3685 2011 3752 reddamus
2056 3694 2423 3772 suspectam.
2512 3686 2716 3766 Multi,
2759 3686 3006 3769 opinor,
3049 3688 3354 3748 errarunt
3371 3698 3488 3761 eo,
3531 3679 3706 3763 quod
3739 3675 3821 3742 ilfa

256 3790 607 3871 vocabulis,
659 3811 815 3873 quae
860 3797 1053 3861 semel
1093 3802 1321 3860 tantum
1364 3795 1522 3878 apud
1564 3794 1639 3858 H.
1686 3796 2074 3860 inveniuntur
2114 3797 2353 3862 nimiam
2396 3796 2812 3861 anctoritatem
2855 3792 3296 3859 concedebant.
3393 3788 3637 3855 Etenim
3678 3785 3817 3852 mult·

262 4111 321 4169 L
472 4029 935 4170 1)1ἒιίιιιῖιιιιιιιιιιιιίο
959 4035 1027 4093 de
1049 4045 1289 4096 extrema
1312 4035 1410 4093 Od.
1435 4044 1590 4111 parte
1611 4035 1740 4094 inde
1763 4052 1792 4094 a
1815 4034 2141 4112 rhapsodiae
2162 4036 2221 4094 Ψ
2240 4051 2403 4094 versu
2425 4034 2689 4092 CCXLVll
2720 4052 2850 4093 aevo
2881 4031 3187 4092 recentiore
3217 4035 3338 4088 orta
3365 4043 3533 4103 quam
3553 4026 3812 4085 homerico

306 4111 476 4188 ipsiae

463 4192 532 4269 2)
562 4196 623 4251 B.
653 4194 914 4255 'l'hiersch
942 4197 1214 4275 Urgestalt
1252 4204 1351 4260 der
1380 4202 1637 4277 Odyssee.
1683 4199 2136 4276 Konigsb.1821
2170 4222 2226 4279 p.
2260 4201 2544 4262 93—122
2578 4203 2661 4260 rh.
2693 4222 2740 4262 ω
2771 4220 2852 4260 vv.
2884 4198 3215 4260 212—380
3247 4203 3451 4255 tuetur.

463 4278 601 4336 Otfr.
631 4278 825 4338 Muller
854 4281 1059 4355 griech.
1089 4285 1192 4342 Lit.
1226 4287 1412 4360 gesch.
1444 4286 1486 4351 Ι,
1521 4284 1658 4343 104.

465 4363 527 4418 G.
556 4362 646 4418 W.
676 4363 928 4421 Nitzsch:
973 4366 1120 4424 Erkl.
1150 4371 1309 4426 Anm.
1342 4386 1411 4426 zu
1441 4369 1535 4426 Hs.
1569 4369 1667 4427 od.
1698 4369 1746 4427 ll
1774 4386 1836 4444 p.
1862 4369 1996 4426 LXII
2027 4387 2112 4444 sq.
2143 4370 2239 4443 qui
2270 4371 2458 4427 nescio
2487 4385 2555 4428 an
2586 4369 2654 4427 ab
2686 4385 2784 4427 sua
2823 4367 3094 4427 sententia
3123 4364 3455 4431 discesserit,
3488 4361 3561 4420 cl.
3617 4360 3711 4423 Die
3737 4362 3810 4421 Sa·

268 4445 568 4524 genpoesie
591 4445 692 4505 der
716 4445 1004 4508 Griechen.
1047 4449 1603 4515 Braunschvv.1852
1629 4469 1686 4529 p.
1720 4453 1861 4511 151.

3257 4973 3260 4974 ⁷
3325 4967 3656 4975 .-—-*
