3825 5009
2005 135 2110 220 ¹²
3821 157 3822 234 ῑ

454 347 557 409 39.
590 348 694 409 40.
734 340 915 410 Eust.
948 336 1153 405 laudat
1178 343 1243 404 11
1275 343 1396 419 775
1426 355 1523 424 sq.
1584 333 1906 413 ἱπποσύνῃ
1939 357 1999 401 v.
2028 335 2096 402 ll.
3820 357 3822 402 <

390 485 395 491 ·
453 457 559 517 41.
605 448 866 536 viperae&
894 446 1152 536 πρόπαν
1190 443 1357 534 ἦμαρ
1395 446 1788 535 ἐμαρνάμεθ’.
1855 445 2162 513 Adiectivi
2200 442 2452 534 πρόπας
2491 441 2711 510 nullam
2749 440 2926 510 aliam
2964 440 3124 527 apud
3153 440 3224 506 H.
3257 440 3760 525 Hesiodumque
3797 443 3823 518 ‘r

249 560 468 628 venies
498 559 751 624 sennam
779 559 895 623 nisi
924 554 1184 646 πρόπαν
1224 552 1600 644 (προπάσας
1626 559 1690 624 in
1716 558 1972 622 Boeotia
2001 560 2157 638 493)
2201 572 2400 639 eaque
2442 554 2571 640 ipsa
2609 569 2852 636 semper
2879 547 2988 617 'est
3025 552 3090 616 in
3124 550 3222 616 illa
3249 549 3522 617 formula
3565 575 3694 636 πρ.
3731 547 3782 634 ἦι
3821 543 3822 546 ’

248 673 313 746 ἐς
339 669 545 745 ἠέλιον
573 664 975 732 καταδύντας
1007 673 1095 744 (Α
1126 673 1272 749 601,
1316 673 1372 732 Τ
1405 673 1547 745 162,
1588 671 1651 731 Ω
1682 672 1825 748 713,
1870 694 1891 730 ι
1926 672 2065 735 161.
2099 670 2254 742 556,
2297 690 2334 728 κ
2361 667 2501 743 183,
2547 689 2591 748 μ
2619 666 2737 740 29,
2778 685 2825 724 τ
2853 665 3010 740 424,
3050 660 3199 725 Hes·
3232 659 3343 726 Th.
3373 666 3531 737 596,
3584 660 3710 745 hY·

252 778 408 862 206)
451 780 513 845 id
545 779 709 863 quod
738 780 841 862 qui
863 778 1172 864 posterius
1202 777 1452 844 fuerunt
1479 781 1698 863 poetae
1727 777 2012 864 videntur
2038 774 2411 862 neglexisse.
2478 772 2569 837 Cf.
2601 772 2748 837 Hes.
2779 770 2887 836 Th.
2920 775 3064 851 535,
3106 770 3209 854 by.
3243 769 3381 838 Cer.
3412 774 3568 837 434.

453 895 555 959 42.
599 891 897 974 antiquior
925 892 1107 974 poeta
1133 889 1290 954 hauc
1319 907 1447 954 rem
1477 906 1770 973 perquam
1800 889 2008 952 miram
2037 892 2156 952 tam
2185 884 2455 950 breviter
2483 889 2836 966 narraturus
2867 879 3064 946 fuisse
3094 885 3194 945 est
3221 880 3686 946 existimandus
3704 884 3740 943 ⁴?
3821 925 3822 936 ¹

451 1006 555 1068 46.
601 997 885 1085 κείροντό
912 1022 985 1061 τε
1012 998 1261 1082 χαίτας.
1330 997 1556 1065 Omnes
1584 997 1804 1063 Achivi
1833 1016 1911 1062 an
1942 995 2059 1062 soli
2086 992 2544 1080 Myrmidones?
2613 992 2896 1059 Ceterum
2924 995 3136 1060 noster
3172 992 3397 1056 iustum
3429 990 3823 1074 exsequier·

254 1109 563 1190 ordinem,
608 1127 789 1193 quem
830 1108 1073 1191 quidem
1118 1126 1200 1173 ex
1226 1107 1291 1172 Il.
1325 1107 1797 1193 cognoscimus,
1837 1123 1965 1170 non
2008 1105 2300 1173 servavit.
2366 1102 2454 1168 lbi
2497 1102 2655 1169 enim
2697 1109 2824 1167 tum
2867 1101 3108 1166 demum
3149 1099 3568 1184 Myrmidones
3617 1099 3823 1183 ipseqi

252 1218 523 1285 Achilles
555 1235 788 1283 comam
818 1217 1071 1284 tondent
1100 1235 1299 1301 eaque
1328 1216 1670 1282 Patroclum
1698 1217 2035 1297 involvunt,
2068 1233 2252 1298 quum
2278 1214 2396 1280 iam
2423 1214 2484 1279 in
2516 1230 2594 1278 eo
2624 1218 2742 1296 est,
2770 1216 2838 1277 ut
2866 1211 3131 1278 cadaver
3159 1211 3220 1275 in
3249 1228 3472 1295 rogum
3501 1210 3823 1295 imponam

258 1333 345 1411 (Ψ
370 1333 509 1395 135.
546 1332 716 1407 152).
761 1329 892 1403 Qua
914 1327 975 1392 in
1002 1345 1072 1393 re
1094 1334 1321 1410 quanto
1343 1327 1701 1413 prudentius
1727 1328 1858 1412 egit
1879 1327 2142 1403 Quintus
2166 1325 2391 1412 etipse
2418 1323 2747 1389 mediocris
2777 1339 2930 1387 sane
2960 1321 3190 1406 ingenii
3220 1319 3434 1404 poeta!
3467 1317 3580 1394 (ΙΙΙ
3607 1323 3742 1388 685
3765 1337 3825 1401 sq

251 1435 482 1501 Nostro
515 1438 569 1502 si
598 1437 779 1503 fidem
807 1437 999 1503 habes
1027 1435 1246 1504 Achivi
1275 1436 1358 1502 illi
1386 1432 1889 1524 καρηκομόωντες
1924 1453 2037 1521 per
2075 1433 2498 1521 duodeviginti
2527 1432 2659 1498 dies
2702 1435 2822 1513 (tot
2849 1431 3008 1496 enim
3036 1431 3193 1498 inter
3217 1428 3469 1496 Aebillis
3517 1446 3752 1498 necem
3777 1427 3825 1510 Η

252 1564 497 1631 nusque
527 1548 886 1627 intererant)
918 1546 1073 1612 calvi
1100 1547 1484 1616 incedebant.
3823 1565 3824 1624 γ

452 1662 554 1722 49.
603 1657 703 1740 Sp.
732 1656 952 1722 collato
980 1661 1033 1720 Σ
1061 1676 1121 1722 v.
1155 1662 1234 1724 55
1264 1656 1657 1744 reprehendit
1691 1660 1952 1742 poetam,
1997 1655 2162 1740 quod
2191 1659 2355 1719 tanto
2394 1653 2610 1719 timore
2639 1649 2960 1737 perculsos
2991 1648 3190 1716 fuisse
3217 1648 3489 1717 Achivos
3523 1653 3771 1729 narret,
3803 1665 3825 1722 ι

253 1764 625 1850 aufugerent
646 1768 724 1842 ¹).
797 1766 1005 1847 Atque
1034 1765 1177 1830 illud
1208 1767 1488 1849 equidem
1517 1767 1578 1830 ei
1616 1766 1876 1830 libenter
1917 1765 2360 1846 condonarem,
2402 1770 2462 1828 at
2492 1779 2643 1830 vero
2675 1782 2735 1828 v.
2769 1767 2851 1829 50
2881 1757 3264 1828 difficillimus
3304 1766 3404 1825 est
3441 1759 3519 1824 ad
3551 1760 3825 1845 explico-4

255 1874 420 1940 dum.
484 1872 702 1957 Neque
731 1875 795 1939 id
823 1874 935 1942 Ar.
965 1891 1091 1944 non
1120 1875 1557 1952 animadycrtit.
1609 1875 1714 1940 lue
1745 1875 1903 1940 enim
1932 1873 2118 1938 haec:
2161 1868 2396 1957 ἄλογον
2426 1871 2493 1935 δὲ
2522 1871 2630 1934 καὶ
2658 1871 2761 1934 ἐπὶ
2802 1878 2932 1936 τῶν
2969 1877 3120 1935 νεῶν
3149 1865 3351 1936 ὄντων
3391 1870 3617 1937 αὐτῶν
3661 1872 3825 1955 Ziqua

257 1974 364 2047 ὅτι
400 1981 722 2059 δείσαντες
766 1979 885 2059 τὰς
925 1984 1237 2070 Νηρηίδας
1275 1991 1511 2071 ἔφυγον
1541 1986 1646 2049 ἐπὶ
1671 1982 1795 2059 τᾶς
1820 1999 1976 2066 ναῦς
1999 1987 2280 2054 ἀπὸτοῦ
2313 1984 2745 2075 Μυρμιδόνων
2771 1982 3215 2067 ναυστάθμου.
3290 1980 3463 2048 Eust.
3518 1982 3768 2066 quidem
3801 1983 3824 2044 h

252 2093 295 2157 l.
333 2093 619 2177 explicat:
649 2095 756 2156 καὶ
778 2094 854 2168 δὴ
885 2089 1116 2178 ἔβησαν
1141 2090 1521 2185 πεφευγότες
1550 2096 1654 2159 ἐπὶ
1676 2104 1839 2173 νῆας.
1893 2099 2126 2165 Noster
2154 2100 2289 2168 siue
2313 2098 2498 2164 dubio
2528 2098 2794 2162 meminit
2811 2096 2879 2161 11.
2900 2096 2991 2160 rb.
3018 2099 3094 2175 B,
3132 2094 3320 2177 longe
3347 2095 3558 2160 autem
3577 2092 3676 2158 ibi
3702 2093 3825 2158 al'un

257 2205 660 2268 conditionem
691 2221 837 2270 csse
864 2221 1070 2269 rerum
1100 2222 1313 2270 secum
1339 2222 1464 2276 non
1490 2209 1812 2291 reputavit.
1866 2209 2106 2276 Etenim
2129 2210 2193 2275 in
2220 2213 2276 2273 B
2301 2207 2521 2276 Achivi
2549 2206 3027 2294 Agamemnonis
3057 2203 3334 2272 oratione
3362 2201 3690 2268 munierum
3715 2203 3825 2267 libe·

242 2329 585 2396 ,rerumque
624 2314 1123 2396 commonefacti,
1165 2315 1513 2381 vehementi
1555 2318 1781 2399 patriae
1820 2320 2131 2400 desiderio
2176 2321 2324 2400 moti
2362 2319 2598 2386 iamiam
2635 2335 2829 2388 :naves
2870 2313 3317 2384 conscendunt.
3389 2311 3626 2380 Nostro
3670 2318 3825 2378 auten

256 2419 395 2486 loco
417 2420 581 2486 nulla
605 2430 701 2486 est
722 2440 930 2502 causa,
963 2442 1073 2487 cur
1094 2424 1245 2487 mari
1272 2441 1345 2488 se
1375 2425 1763 2506 committant,
1799 2447 1938 2496 nam
1967 2426 2079 2513 βοὴ
2111 2428 2279 2495 δ’ἔπὶ
2305 2426 2550 2495 πόντον
2580 2425 2793 2516 ὀρώρει
2818 2426 3100 2510 illamque
3129 2420 3366 2492 timent:
3397 2422 3658 2492 navibus
3680 2422 3825 2509 igitm

259 2530 541 2598 deductis
571 2531 924 2616 periculum,
969 2532 1135 2620 quod
1164 2532 1473 2615 timebant,
1512 2541 1732 2619 sponte
1762 2536 2080 2604 adiissent.

462 2640 562 2707 51.
608 2641 895 2707 subtilius
925 2640 1069 2707 An:
1113 2643 1220 2705 καὶ
1244 2640 1652 2728 Ἀγαμέμνων
1684 2644 1794 2708 οὐκ
1835 2646 2046 2731 ἐγείρει
2082 2642 2200 2721 τὴν
2240 2641 2561 2732 στρατιὰν
2602 2643 2786 2710 ἀλλῖὁ
2833 2641 3114 2731 Νέστωρ.
3171 2643 3237 2710 ln
3267 2647 3322 2707 B
3367 2658 3604 2728 quoque
3631 2639 3825 2708 Ulixe!

261 2767 385 2815 non
412 2748 793 2834 Agamemno
822 2753 1046 2820 retinet
1073 2750 1368 2819 Achivos.
2013 2793 2022 2802 =

462 2865 564 2926 57.
611 2866 670 2923 οἱ
699 2861 1027 2945 δ’ἔσχοντο
1057 2858 1281 2948 φόβου.
1326 2863 1427 2948 Sp.
1460 2864 1709 2930 contulit
1747 2869 1801 2930 Γ
1831 2869 1942 2934 84:
1985 2856 2063 2940 ὥς
2089 2863 2277 2950 ἔφαθ’
2316 2868 2377 2928 οἱ
2419 2863 2472 2928 δ’
2495 2869 2768 2949 &lxxmo
2805 2861 3007 2950 μάχης
3046 2858 3208 2930 dud
3236 2862 3294 2930 τ’
3326 2859 3628 2944 ἐγένοντο.
3673 2858 3825 2948 φάβα

257 2988 322 3035 v.
354 2969 445 3051 11„
486 2971 631 3035 item
659 2971 864 3056 φοβέω
897 2975 977 3051 (π
1012 2977 1150 3049 163,
1180 2972 1329 3038 Hes.
1364 2973 1461 3039 Sc.
1495 2978 1642 3050 162)
1674 2982 1738 3039 et
1766 2973 2078 3061 φέβεσθαι
2108 2981 2187 3058 (χ
2215 2979 2388 3052 299).
2438 2974 2614 3041 Neve
2644 2975 2784 3058 quis
2815 2974 2979 3040 dicat
3005 2973 3128 3040 boc
3155 2992 3230 3039 ea
3262 2974 3340 3040 dc
3373 2989 3564 3038 causa
3591 2988 3737 3038 esse
3762 2974 3825 3035 iti

263 3079 429 3162 quod
470 3081 533 3144 in
571 3078 637 3146 Il.
684 3099 932 3166 pugnae
975 3081 1331 3166 proeliaque
1373 3082 1842 3150 describantur:
1896 3084 2053 3149 haec
2094 3103 2194 3162 vv.
2235 3086 2298 3149 in
2328 3084 2445 3151 od.
2478 3093 2727 3169 quoquc
2769 3083 3095 3150 adhibendi
3138 3083 3502 3168 saepissime
3546 3080 3742 3149 oblata
3767 3088 3825 3146 en

261 3195 555 3273 potestas.

463 3306 565 3367 60.
610 3299 732 3366 Ar:
775 3301 883 3363 καὶ
909 3296 992 3362 τὸ
1021 3298 1308 3389 ἀριθμεῖν
1336 3298 1455 3377 τὰς
1482 3298 1761 3380 Μούσας
1789 3302 1910 3387 οὐχ
1940 3298 2230 3389 ὀμηρικόν
2250 3305 2329 3385 ²).
2395 3302 2496 3369 Ad
2539 3304 2705 3388 quod
2746 3302 2968 3388 lyticus
3007 3302 3248 3388 quidum
3285 3302 3471 3368 stulte
3500 3303 3825 3388 respondet:

260 3407 332 3471 τί
359 3407 577 3472 κωλύει
605 3402 819 3488 ἅπαξ,
861 3408 1044 3495 Apud
1072 3410 1407 3478 Hesiodum
1449 3429 1694 3499 semper
1723 3431 1779 3476 v.
1805 3421 2018 3499 μοῦσα
2056 3412 2333 3481 invenies
2372 3431 2690 3480 numerum
2730 3413 3050 3499 pluralem,
3091 3432 3392 3498 nusquam
3419 3414 3484 3480 in
3512 3413 3825 3480 vetustiori·

260 3517 380 3583 bus
411 3517 486 3584 Η.
518 3519 809 3601 partibus.
865 3518 1014 3584 Item
1037 3519 1107 3586 H.
1137 3538 1316 3586 unam
1346 3526 1574 3586 tantum
1603 3522 1776 3588 novit
1802 3535 2028 3608 μοῖραν
2059 3529 2233 3602 (exc.
2259 3525 2322 3586 Ω
2351 3527 2488 3605 49),
2531 3529 2660 3590 tres
2692 3523 3002 3590 Hesiodus
3034 3521 3173 3605 (Tb.
3206 3528 3353 3605 217,
3380 3526 3564 3600 904.)

463 3633 567 3694 61.
610 3628 748 3693 Sch.
782 3628 849 3692 V.
882 3630 959 3695 ad
986 3634 1047 3693 Ω
1079 3635 1230 3698 720:
1273 3633 1685 3707 δεινοπενὲεἵς
1713 3628 1837 3718 γὰρ
1867 3636 1929 3694 οἱ
1957 3630 2282 3720 βάρβαροι,
2312 3631 2658 3710 ἀθετητέος
2687 3631 2755 3697 δὲ
2786 3630 2822 3696 ὁ
2852 3637 3142 3699 Μουσῶν
3184 3631 3273 3696 ἐπ’
3313 3631 3597 3715 Ἀχιλλεῖ
3621 3635 3825 3720 θρῆνος

262 3736 469 3822 Atque
496 3736 638 3828 liuic
667 3739 910 3821 quidem
938 3741 1030 3805 rei
1074 3758 1199 3807 non
1226 3760 1504 3828 magnam
1533 3743 1654 3807 vim
1699 3742 2008 3807 tribuerim
2026 3744 2112 3823 ³):
2156 3747 2218 3807 at
2259 3760 2416 3827 quae
2459 3746 2603 3810 vina
2646 3742 3093 3810 deflorescente
3135 3742 3313 3826 quasi
3351 3741 3536 3826 poesi
3573 3743 3825 3829 ingruet(

263 3847 493 3914 solent:
535 3847 611 3912 iis
640 3854 857 3912 noster
884 3867 1132 3934 quoque
1162 3851 1403 3915 minime
1432 3858 1621 3916 caret.
1695 3851 1997 3918 Homerus
2027 3858 2091 3916 et
2120 3853 2223 3936 qui
2250 3870 2391 3922 eum
2418 3855 2692 3939 proxime
2723 3855 2921 3920 secuti
2960 3858 3104 3920 sunt
3131 3857 3351 3937 poetae
3379 3853 3579 3919 nativa
3606 3854 3825 3937 quadan

262 3955 641 4040 simplicitate
669 3974 997 4041 rerumque
1026 3960 1204 4028 suavi
1230 3961 1576 4028 narratione
1606 3961 1975 4028 audientium
2004 3963 2234 4030 aninnos
2267 3963 2698 4030 devinxerant:
2727 3964 3106 4050 posteriores
3133 3952 3376 4047 poetae,
3404 3960 3614 4047 cyclici
3636 3965 3825 4049 quiqu

434 4263 437 4266 -
479 4229 530 4306 ¹)
575 4232 826 4302 Quintus,
859 4234 954 4309 qui
982 4233 1040 4291 iu
1067 4234 1290 4294 Achillis
1321 4237 1514 4295 funere
1544 4238 1848 4297 enarrando
1877 4239 2054 4296 nostri
2083 4239 2284 4314 pressit
2311 4237 2557 4312 vestigia,
2601 4239 2707 4297 hac
2735 4238 2793 4296 iu
2820 4255 2882 4296 re
2911 4254 3038 4297 eum
3065 4255 3180 4298 non
3208 4247 3432 4298 secutim
3459 4248 3564 4298 est.

469 4313 528 4391 2)
571 4333 765 4375 novem
792 4317 975 4377 Musas
1002 4318 1228 4378 Hesiodi
1253 4319 1595 4396 temporibus
1622 4323 1909 4384 vindicavit
1933 4322 2281 4382 Plutarchus.
2312 4335 2488 4398 symp.
2517 4338 2614 4398 qu.
2642 4320 2778 4388 vill.
2812 4321 2910 4380 14.

469 4393 532 4475 ι)
570 4396 825 4461 Welker:
866 4416 958 4479 ep.
989 4399 1139 4479 Cycl.
1167 4399 1211 4462 1.
1241 4418 1300 4479 p.
1329 4403 1470 4464 378.
