3825 5009
2027 153 2130 236 14

485 363 587 425 95.
631 354 797 424 τόδε.
837 355 971 421 Hoc
997 374 1054 420 v.
1086 354 1331 423 vixdum
1357 353 1655 441 intelligo.
3159 369 3164 380 ·
3801 379 3802 416 ι

488 472 587 534 97.
628 466 945 548 Αἰγίσθου
973 461 1103 530 ὑπὸ
1131 467 1350 553 χερσὶν
1384 465 1493 528 καὶ
1533 459 1863 548 οὐλομένης
1896 459 2159 546 ἀλόχοιο
2189 469 2253 528 ot
2279 468 2403 532 200
2433 465 2749 552 κουριδιον
2777 465 3080 530 κτείνασα
3108 460 3267 529 πάσι
3245 490 3325 530 mv
3353 484 3708 549 nusquam
3743 468 3803 547 (n

218 569 225 576 ’
293 576 507 660 necyia
538 575 778 658 quidem
807 578 850 639 λ
876 580 1020 656 430,
1049 580 1208 653 439)
1238 576 1371 660 ipsa
1401 573 1879 659 Clytaemnestra
1918 572 2249 659 conjugem
2282 572 2670 643 interfecisse
2699 575 2937 642 dicitur.
2998 577 3131 652 Qua
3160 575 3238 641 de
3266 593 3339 642 re
3368 577 3536 642 bene
3567 578 3803 661 disput

292 686 394 770 Sp.
423 704 479 769 p.
510 690 589 752 49
618 702 752 769 sqq.
785 684 864 750 cf.
895 684 1096 752 schot.
1127 685 1205 751 ad
1230 689 1293 749 A
1317 691 1376 752 7.

489 799 589 862 99.
632 793 1498 879 cs.eaquaeadv.19dixi.

496 910 627 971 104.
667 903 893 970 Noster
920 906 1057 970 sine
1087 904 1270 969 dubio
1299 904 1624 986 hospitium
1651 900 2093 988 Agamemnoni
2121 920 2265 970 esse
2295 922 2433 969 cum
2458 904 2736 971 Helenen
2773 907 2909 990 ipse
2945 905 3118 971 finxit
3146 924 3223 971 eo
3253 906 3552 984 consilio,
3607 912 3710 970 ut
3741 921 3803 1008 oq

296 1015 517 1097 quium,
546 1015 708 1098 quo‘d
729 1014 1024 1099 sequitur,
1052 1015 1284 1079 institui
1313 1018 1498 1096 atque
1530 1012 1896 1097 comparatio
1928 1011 2117 1079 Ulixis
2147 1019 2213 1078 et
2237 1013 2713 1099 Agamemnonis
2745 1015 2953 1101 perfici
2982 1023 3216 1100 posset.
3265 1016 3474 1099 Atque
3504 1015 3624 1079 ille
3661 1016 3803 1102 Ani

291 1125 509 1189 medon
530 1126 727 1189 omnia
747 1123 1107 1189 recordatus
1130 1127 1247 1203 est,
1270 1127 1458 1204 (122)
1483 1141 1641 1206 quae
1668 1122 1830 1188 facta
1858 1129 2051 1204 erant,
2079 1139 2204 1207 quo
2235 1130 2505 1208 tempore
2533 1124 2658 1211 Ag.
2687 1126 2753 1191 in
2777 1124 2980 1191 Ithaca
3010 1125 3387 1206 versabatur,
3416 1125 3690 1191 Ulixem
3729 1131 3803 1224 aq

292 1251 492 1316 neque
522 1236 654 1319 ipse
684 1251 884 1317 neque
914 1233 1013 1298 alii
1042 1233 1305 1317 majores
1336 1239 1482 1314 natu
1508 1233 1682 1317 prosi
1710 1235 1893 1312 (160)
1925 1250 2276 1320 agnoscere
2303 1240 2652 1319 potuerunt.

490 1348 628 1410 106.
662 1346 910 1429 ἐρεμνὴν
929 1355 1136 1426 γαῖαν.
1165 1342 1487 1426 Adjectiva
1510 1338 1810 1427 ἑρεβεννός
1831 1349 1897 1408 et
1918 1339 2164 1429 ἐρεμνός
2187 1344 2303 1409 Od.
2329 1361 2452 1411 non
2475 1351 2635 1409 sunt.
2663 1349 2734 1427 (λ
2761 1350 2886 1414 606
2908 1348 2955 1410 ἰ
2977 1345 3161 1411 νυκτὶ
3137 1341 3405 1423 ιέοικώς,
3431 1364 3634 1430 quem
3669 1359 3803 1420 vert

286 1450 408 1535 Jam
427 1451 821 1524 Alexandrini
839 1453 1061 1518 Atticis
1090 1451 1227 1534 illis,
1265 1471 1301 1517 a
1331 1452 1553 1536 qm'bns
1581 1452 1890 1520 homerica
1920 1454 2182 1519 carmina
2210 1455 2275 1519 ιιι
2301 1472 2460 1536 enm,
2491 1471 2673 1539 quem
2700 1474 2864 1521 nnnc
2895 1462 3121 1538 tenent,
3149 1457 3427 1521 ordinem
3456 1457 3746 1522 redacta
3773 1471 3803 1518 e

288 1562 659 1647 accepimns,
700 1564 1099 1639 adscribant)
1139 1575 1292 1647 γαῖα
1330 1580 1481 1630 vero
1525 1581 1829 1647 nunquam
1866 1563 1942 1629 ab
1979 1564 2053 1630 Η.
2095 1562 2308 1652 &pepini
2346 1571 2627 1647 vocatur,
2669 1571 2811 1651 post
2847 1566 2921 1631 Η.
2963 1566 3234 1650 saepius.
3283 1564 3362 1630 cf.
3403 1565 3563 1631 Hes.
3607 1565 3742 1630 Τιι.
3775 1569 3803 1629 3

288 1670 403 1755 Hy.
434 1672 585 1738 Mer.
617 1677 760 1740 427.

490 1786 853 1851 109—113.
895 1783 1079 1848 iidem
1107 1783 1241 1850 fere
1271 1800 1494 1849 versus
1524 1781 1815 1868 leguntur
1842 1784 1937 1863 (id
1974 1784 2141 1867 qnod
2169 1786 2296 1868 jam
2322 1784 2498 1851 Eust.
2529 1786 2843 1862 indicavit)
2873 1789 2912 1849 λ
2942 1789 3296 1854 399-403.
3369 1784 3462 1849 lbi
3491 1787 3670 1850 enim
3705 1785 3803 1874 Um

292 1891 369 1956 ad
396 1889 938 1976 Agamemnonem:
982 1899 1180 1958 utrum
1209 1900 1294 1971 te,
1322 1893 1534 1976 inquit,
1567 1892 1884 1977 Neptunus
1913 1895 2224 1978 oppressit
2247 1900 2626 1978 tempestate,
2662 1914 2740 1959 an
2767 1897 2982 1962 hostes
3013 1901 3074 1959 te
3103 1896 3326 1960 bellum
3353 1891 3494 1960 sive
3523 1893 3803 1984 inferent

290 2000 895 2086 sive-propulsantem
922 2002 1408 2068 interfecerunt?
1449 2002 1582 2066 Hoc
1608 2001 1748 2067 loco
1777 2020 1889 2087 pro
1918 2020 2171 2085 numero
2204 2003 2501 2088 singulari
2529 2004 2908 2070 adhibendus
2940 2008 3071 2069 erat
3096 2003 3363 2088 pluralis,
3391 2021 3506 2088 pro
3533 2025 3595 2069 v.
3631 2027 3803 2100 pam

290 2135 470 2197 μενον
498 2112 882 2178 scribendum
913 2120 1044 2178 erat
1073 2111 1558 2199 μαχεουμένουςε
1602 2118 1664 2178 at
1703 2130 1923 2178 versus
1966 2112 2348 2202 repugnabat
2390 2119 2453 2178 et
2492 2113 2635 2178 ideo
2678 2115 2923 2199 scripsit
2964 2110 3390 2199 μαχεούμενοι.
3467 2115 3721 2182 Sensus
3753 2129 3803 2192 ιι

285 2221 499 2288 horum
532 2223 819 2307 explicari
850 2224 1091 2309 quidem
1120 2228 1344 2309 potest,
1389 2224 1506 2290 sed
1532 2225 1694 2289 inest
1722 2223 1887 2307 qnod
1917 2221 2206 2289 offendat.

491 2338 628 2401 118.
672 2336 813 2419 μηνὶ
855 2329 1006 2420 δ’ἄῤ
1061 2329 1246 2419 οὔλῳ.
1290 2333 1581 2400 Faesius:
1641 2333 2002 2406 „hier-durch
2043 2333 2159 2399 soll
2200 2333 2310 2399 das
2353 2333 2457 2398 bei
2496 2332 2937 2417 Amphimedon
2978 2338 3493 2419 voransgeset'zte
3539 2333 3803 2428 Ver-lang

296 2441 626 2528 befriedigt
653 2443 907 2508 werden
944 2460 1027 2507 zu
1069 2442 1332 2524 wissen,
1389 2443 1509 2508 wie
1554 2460 1625 2508 es
1671 2443 1809 2509 dem
1835 2442 1962 2528 Ag.
2006 2442 2117 2507 aul*
2144 2444 2329 2527 Jener
2354 2442 2538 2508 Fahrt
2577 2443 2794 2508 weiter
2831 2460 3154 2528 ergangen
3193 2444 3347 2508 sei.“
3432 2442 3644 2519 Quid?
3685 2455 3803 2526 nont

295 2557 567 2637 quaeret,
611 2553 715 2634 qui
742 2550 966 2617 factum
995 2551 1095 2634 sit,
1138 2558 1207 2617 ut
1232 2556 1424 2617 totum
1451 2570 1725 2618 mensem
1753 2552 1852 2616 ille
1879 2551 2251 2637 navigaret?
2309 2552 2456 2618 Mihi
2477 2553 2541 2617 ιιι
2569 2570 2790 2620 versus
2822 2553 3133 2619 abundare
3162 2553 3474 2619 videntur.

492 2666 859 2729 120-196.
905 2661 1038 2727 Jam
1065 2661 1503 2749 Amphimedon
1531 2661 1754 2748 hospiti
1780 2660 2225 2747 Agamemnoni
2256 2663 2522 2748 exponit,
2566 2680 2686 2744 qna
2716 2664 2802 2727 de
2837 2652 3028 2729 causa
3068 2667 3160 2729 tot
3194 2664 3457 2748 juvenes
3489 2660 3763 2746 aequales
3795 2676 3803 2756 ι

293 2770 525 2838 inferos
556 2771 1023 2868 descenderint..
1084 2772 1288 2859 Atque
1317 2775 1380 2839 in
1422 2774 1610 2858 prima
1648 2772 1891 2857 quidem
1928 2777 2134 2858 parte,
2186 2788 2346 2856 qnae
2385 2777 2486 2838 est
2523 2771 2601 2837 de
2627 2772 2969 2857 Penelopae
3015 2771 3191 2855 dolo,
3233 2774 3457 2857 repetit
3500 2789 3613 2839 eos
3638 2785 3803 2838 verat

288 2899 443 2965 quos
471 2882 591 2968 jam
619 2882 713 2948 bis
756 2884 1040 2968 legimus.
1085 2885 1152 2966 (β
1191 2888 1522 2959 93-110,
1551 2909 1596 2946 τ
1628 2888 2034 2961 139—156.)
2094 2882 2283 2947 Unam
2314 2882 2479 2949 addit
2504 2901 2656 2964 rem,
2698 2885 2878 2965 cujus
2906 2884 3174 2949 notitiam
3207 2901 3286 2947 ex
3316 2881 3641 2966 Odyssea,
3683 2877 3803 2965 qual

289 2992 526 3074 quidem
553 3011 713 3060 nunc
743 3000 873 3073 est,
917 3009 1038 3057 non
1067 2992 1379 3058 habemus.
1427 2997 1604 3069 (147.
1644 2996 1828 3070 148):
1872 2999 1935 3056 at
1962 2992 2170 3074 altera,
2210 3011 2385 3076 quam
2414 3010 2497 3057 ex
2522 2993 2846 3058 homericis
2878 2991 3135 3077 suisque
3162 2991 3353 3077 ipsius
3384 2994 3677 3058 versibus
3706 2989 3803 3075 pot

288 3102 583 3184 conflavit,
611 3102 824 3186 partim
845 3118 949 3166 res
974 3106 1093 3166 tam
1120 3102 1392 3167 breviter
1421 3106 1485 3165 et
1513 3102 1779 3166 obscure
1808 3107 1952 3167 sunt
1976 3107 2276 3188 narratae,
2317 3109 2383 3167 ut
2410 3103 2516 3185 qui
2543 3120 2752 3167 earum
2779 3109 2959 3167 antea
2990 3103 3176 3167 suerit
3201 3102 3459 3187 ignarus
3481 3103 3803 3189 Agamemu

291 3227 394 3276 eas
426 3212 767 3298 intelligere
795 3227 1050 3295 prorsus
1080 3211 1382 3295 nequiret,
1424 3212 1638 3298 partim
1667 3230 1742 3279 ea
1767 3212 2142 3291 reseruntur,
2185 3230 2343 3295 qnae
2380 3211 2516 3297 ipse
2543 3211 2988 3296 Amphimedon
3016 3213 3286 3292 nesciat,
3328 3211 3450 3275 nisi
3482 3212 3627 3296 quis
3659 3211 3803 3278 anim:

284 3326 653 3386 mortuorum
680 3321 879 3389 omnia
908 3321 1069 3387 scire
1108 3322 1408 3388 statuerit.
1468 3323 1536 3387 Id
1575 3324 1739 3407 quod
1766 3322 1956 3388 Arist.
1993 3340 2116 3387 non
2154 3320 2332 3408 fugit.
2380 3325 2537 3403 (πῶς
2574 3323 2642 3385 δὲ
2683 3324 2791 3386 καὶ
2831 3321 3235 3409 Ἀμφιμέδων
3277 3321 3640 3386 ἐπίσταται
3677 3318 3802 3406 vim

285 3440 417 3504 τοῖς
445 3429 656 3518 ἀγροῖς
684 3427 1016 3515 ἐπιβουλήν
1029 3439 1077 3510 ,·)

221 3529 227 3534 ’
486 3544 625 3607 148.
658 3544 719 3606 9.
748 3542 831 3606 ιιιι
861 3541 938 3606 de
967 3540 1082 3606 hac
1107 3559 1179 3605 re
1207 3541 1270 3606 in
1300 3541 1416 3607 od.

482 3653 620 3746 149.
653 3646 839 3726 κακὸς
866 3650 1105 3737 δαίμων
1135 3650 1210 3715 ab
1239 3650 1301 3714 h.
1335 3652 1660 3718 verborum
1693 3669 1863 3718 more
1895 3653 2150 3719 alienus.

487 3764 626 3826 153.
660 3766 718 3826 4.
746 3761 870 3842 iam
897 3762 1189 3848 leguntur
1208 3784 1261 3823 π
1294 3766 1411 3828 169
1440 3779 1557 3846 sq.,
1585 3769 2011 3849 praeterquam
2039 3762 2205 3846 quod
2234 3762 2630 3830 vetustiorem
2656 3758 2910 3828 formam
2931 3755 3247 3849 ἀραρόντε
3277 3762 3549 3827 mutavit.

488 3875 606 3938 164
637 3869 715 3933 cf.
750 3869 822 3936 Ο.
858 3875 1001 3954 242,
1030 3871 1135 3937 ubi
1160 3889 1267 3938 res
1297 3889 1484 3939 secus
1515 3880 1632 3939 est.

485 3983 624 4047 166.
656 3974 989 4055 ἐκλήισεν’
962 3990 1169 4065 οχῆας.
1203 3981 1283 4047 of.
1316 3980 1418 4067 Sp.
1450 3987 1596 4051 203·

482 4094 622 4156 167.
655 4087 734 4153 cf.
768 4102 836 4176 φ.
873 4095 930 4154 1.
961 4099 1045 4174 τῇ
1083 4090 1183 4153 δ”
1144 4089 1240 4178 αρ’
1277 4092 1381 4155 ἐπὶ
1409 4093 1600 4178 φρεσὶ
1642 4095 1791 4170 θῆκε
1828 4090 1952 4156 θεὰ
1991 4096 2344 4175 γλαυκωπις
2366 4088 2719 4171 ASr'JmJ—
2747 4087 2939 4169 τόξον
2984 4084 3409 4178 μνηστήρεσσι
3436 4088 3627 4177 θέμεν
3655 4096 3803 4162 πολι(

281 4220 355 4261 τε
376 4196 653 4285 σίδηρον,
681 4198 800 4266 nisi
830 4197 989 4263 forte
1019 4206 1232 4266 noster
1259 4201 1526 4267 meminit
1552 4203 1644 4267 rh.
1669 4229 1730 4267 τ.
1757 4205 1900 4285 584,
1932 4220 2055 4285 quo
2083 4202 2223 4269 loco
2245 4203 2474 4284 Ulixes,
2503 4221 2582 4268 ne
2611 4209 2920 4268 certamen
2949 4200 3238 4286 proferat,
3267 4201 3604 4285 Penelopae
3638 4200 3803 4290 suade

342 4375 347 4384 ,
486 4314 624 4377 175.
656 4333 781 4394 μιν.
820 4328 962 4376 num
989 4309 1367 4396 Agamemno
1406 4316 1612 4396 potest
1654 4312 1948 4391 divinare,
1996 4315 2134 4398 quis
2178 4315 2277 4392 sit,
2321 4314 2424 4398 qui
2469 4331 2678 4382 arcum
2720 4312 2877 4380 Ulixi
2919 4312 3066 4378 dare
3096 4331 3134 4377 a
3161 4309 3521 4378 Telemacho
3557 4311 3803 4395 Jubeatul

285 4424 527 4485 vetetur
554 4438 591 4485 a
618 4419 873 4505 procis?
913 4420 1081 4487 idem
1102 4420 1310 4488 valet
1292 4439 1358 4486 ιιι
1384 4439 1445 4488 v.
1478 4433 1601 4509 σφι
1628 4425 1836 4504 (182.)
