3825 5009
1756 243 1870 338 23

71 476 181 536 τες
232 458 451 522 indice
496 473 819 539 versuum,
850 473 1034 542 ·quos
1078 459 1274 523 nostri
1315 458 1762 542 repetiverunt,
1813 456 2153 542 apparebit,
2206 472 2287 521 ex
2330 452 2607 519 omnibus
2654 449 2794 517 fere
2832 458 2896 516 et
2936 450 3134 518 iliadis
3178 458 3241 515 et
3292 450 3614 535 Odysseae

76 568 347 651 psodiis
398 573 644 631 nostros
690 568 806 632 sibi
850 583 1072 633 versus
1118 568 1418 633 sumsisse
1444 614 1462 642 ‚
1517 583 1730 631 omnes
1774 566 1964 651 igitur
2015 581 2130 630 eos
2189 563 2323 628 fere
2372 562 2712 630 homericas
2764 560 3124 646 rhapsodias
3173 568 3278 627 aut
3326 563 3612 626 memoria

72 695 129 741 e
189 677 553 759 amplexos,
607 682 738 753 aut,
782 676 950 758 quod
983 677 1355 760 probabilius
1401 681 1534 755 est,
1575 675 1790 740 litteris
1833 674 2203 758 perscriptas
2243 672 2504 756 legisse.
2588 670 2992 747 Quamobrem
3042 689 3168 736 uon
3207 671 3412 736 dubito
3458 683 3614 735 eon-

72 786 255 849 dere
300 786 465 849 hano
508 792 741 868 partem
785 787 1018 850 cunctis
1066 786 1293 850 ceteris
1337 786 1718 868 rhapsodiis‚
1762 785 1905 867 quin
1950 783 2128 847 etiam
2170 782 2406 864 hymnis
2451 781 2778 845 homericis
2820 780 3150 845 maioribus
3194 796 3341 847 esse
3390 797 3618 845 recen-

71 912 234 958 rem.
328 893 395 959 Si
439 911 590 958 vero
643 896 706 959 in
746 896 861 958 bae
904 912 973 959 re
1024 912 1317 978 perquam
1373 894 1557 959 dubia
1608 894 1962 958 coniectura
2015 892 2124 955 niti
2175 892 2348 967 licet,
2401 890 2545 955 illud
2583 889 3033 955 affirmaverim:
3088 889 3211 953 duo
3255 890 3479 966 triave,
3536 907 3617 953 ex

72 1005 216 1068 ,bus
266 1009 545 1067 extrema
591 1003 913 1088 Odysseae
955 1022 1096 1088 pars
1141 1005 1476 1088 composita
1520 1010 1645 1084 est,
1701 1004 1962 1068 earmina
2019 1008 2322 1086 tempore,
2373 1000 2538 1084 quod
2579 999 2986 1063 Pisistratidas
3040 996 3314 1082 proxime
3357 1003 3614 1061 autece-

71 1119 209 1191 νει,
254 1112 422 1177 faeta
466 1113 540 1176 ab
584 1113 948 1178 Atticisillis
980 1107 1387 1179 diasceuas'tis
1432 1114 1687 1179 adiectis
1737 1110 2037 1177 nonnullis
2068 1110 2353 1175 versibus
2394 1110 2455 1174 iu
2486 1126 2646 1188 eum,
2689 1127 2870 1191 quem
2900 1123 3061 1172 nuno
3087 1112 3313 1182 tenent,
3343 1106 3615 1171 ordinem

71 1241 137 1286 ze
169 1222 451 1286 redacta.
2169 1239 2176 1244 ·

955 1448 1306 1530 Recensus
1365 1468 1689 1529 versuum
1748 1446 1864 1550 qui
1927 1443 2085 1528 aliis
2142 1443 2313 1527 loeis
2372 1444 2722 1563 leguntur.

72 1666 136 1741 ψ
175 1664 300 1727 297
344 1682 431 1720 =
472 1683 516 1742 χ
559 1666 701 1726 454.
1120 1710 1126 1716 .
1386 1611 1396 1621 ’
1939 1662 1988 1736 ψ
2025 1661 2140 1723 351
2187 1654 2267 1720 of.
2305 1681 2337 1726 ψ
2378 1659 2481 1721 37.

178 1773 302 1836 299
349 1768 483 1832 sim.
523 1794 560 1829 κ
605 1772 747 1834 479.
2029 1770 2145 1833 361
2194 1784 2254 1849 p.
2298 1768 2460 1848 post.
2504 1788 2543 1825 υ
2594 1766 2732 1842 131,
2782 1775 2834 1847 φ
2883 1767 3021 1829 103.

184 1882 302 1944 301
351 1893 548 1960 paene
589 1876 751 1939 idem
793 1878 850 1939 A
897 1880 1018 1944 643
1064 1874 1145 1939 os.
1194 1879 1338 1943 642.
2034 1879 2158 1942 364
2198 1872 2354 1957 freq.
2400 1873 2463 1936 iu
2510 1869 2626 1935 Od.

184 1990 306 2053 303
349 2010 436 2045 =
473 2009 527 2047 π
563 1989 665 2052 29.
2037 1988 2163 2051 366
2202 2005 2289 2043 =
2330 1986 2384 2045 Γ
2427 1984 2570 2048 328.

92 2099 244 2162 303.
273 2100 311 2160 5
357 2093 436 2157 cf.
483 2098 515 2158 I
558 2098 702 2173 466,
745 2117 790 2156 σ
832 2096 976 2170 278,
1026 2118 1061 2154 υ
1109 2099 1210 2159 51.
2039 2096 2161 2159 367
2211 2091 2346 2153 sim.
2390 2112 2435 2172 χ
2478 2094 2621 2156 435.

187 2208 308 2270 307
355 2201 468 2266 sim
509 2202 549 2262 δ
597 2205 737 2267 152.
1957 2225 2004 2262 ω
2047 2203 2170 2265 2-4
2213 2198 2346 2262 sim.
2395 2219 2423 2257 ε
2465 2202 2566 2275 47,
2611 2200 2713 2262 48.

187 2311 308 2378 314
350 2316 505 2394 post.
548 2326 688 2394 pars
730 2302 764 2373 1
805 2314 949 2377 372.
999 2313 1142 2377 480.
1310 2321 1317 2328 ·
2121 2311 2164 2374 6
2204 2325 2264 2388 p.
2310 2309 2468 2387 post.
2514 2327 2551 2367 ν
2594 2307 2736 2396 363.

192 2424 312 2486 315
355 2424 515 2502 post.
559 2439 618 2502 p.
663 2422 704 2481 λ
747 2422 890 2485 359.
2125 2417 2163 2481 8
2208 2412 2290 2478 ef.
2339 2436 2367 2475 ε
2407 2417 2551 2479 329.

193 2533 316 2595 316
355 2531 512 2611 post.
558 2546 618 2609 p.
668 2528 708 2588 δ
752 2532 909 2603 515,
954 2552 980 2590 ε
1024 2531 1166 2594 419.
2089 2529 2165 2590 10
2207 2542 2267 2607 p.
2313 2521 2479 2605 prior
2516 2526 2581 2585 Π
2625 2524 2765 2589 185.

199 2640 318 2703 317
355 2654 547 2718 paene
588 2637 751 2701 idem
793 2636 833 2696 δ
875 2641 1017 2714 516,
1060 2659 1088 2698 ε
1129 2639 1270 2702 420.
2094 2637 2170 2699 14
2214 2650 2412 2715 comp.
2457 2649 2538 2693 ex
2577 2635 2636 2693 Ψ
2680 2633 2781 2708 72,
2822 2632 2862 2691 λ
2906 2633 3049 2695 476.

197 2749 318 2812 322
361 2745 438 2808 cf.
487 2770 523 2805 κ
556 2749 699 2810 512.
1968 2744 2165 2808 15-18
2206 2764 2293 2799 =
2331 2742 2372 2801 λ
2414 2743 2723 2806 467·470.

199 2857 318 2921 323
359 2876 447 2912 .-.-
477 2880 514 2915 κ
555 2856 698 2932 492,
740 2855 781 2915 λ
824 2857 964 2921 165.
2092 2853 2186 2914 19’
2213 2846 2293 2910 cf.
2339 2849 2405 2909 Π
2447 2850 2591 2912 644.

198 2966 317 3029 325
361 2978 632 3045 compos,
679 2979 760 3024 ex
799 2965 853 3023 X
896 2965 1038 3041 428,
1079 2983 1121 3021 α
1163 2964 1307 3026 435.
1961 2956 2165 3024 20-22
2207 2979 2295 3016 =
2333 2958 2375 3017 λ
2414 2956 2638 3021 387-9.

102 3075 247 3139 327.
283 3074 321 3137 8
363 3068 441 3134 of.
491 3096 536 3154 μ
577 3063 731 3146 298,
765 3074 867 3135 60.
1704 3141 1707 3150 Α
2088 3069 2172 3131 26
2212 3063 2350 3129 sim.
2388 3087 2434 3124 τ
2478 3067 2620 3130 110.

202 3183 321 3247 330
363 3176 442 3243 cf.
489 3202 516 3240 ε
564 3182 705 3245 131.
2013 3217 2016 3218 ⁷
2090 3178 2169 3240 27
2215 3172 2350 3237 sim.
2395 3193 2436 3253 γ
2481 3176 2622 3239 100.

203 3289 315 3355 331
363 3308 418 3371 p.
462 3293 619 3371 post.
664 3312 701 3362 η
745 3292 888 3353 251.
2089 3281 2163 3349 31
2211 3278 2294 3344 cf.
2334 3304 2362 3343 ε
2403 3285 2527 3348 306
2571 3299 2706 3363 sqq.

203 3402 321 3465 332
356 3416 420 3481 p.
466 3404 625 3481 post.
672 3400 753 3459 M
797 3400 937 3462 113.
1948 3395 2047 3460 32.
2079 3394 2159 3459 33
2200 3413 2288 3449 =
2329 3414 2373 3451 α
2416 3393 2560 3468 239,
2603 3392 2746 3454 240.

207 3511 325 3573 334
366 3523 558 3589 comp.
608 3522 689 3567 ex
728 3528 773 3565 α
818 3509 917 3583 14,
965 3510 1063 3570 15.
1111 3530 1133 3565 ι
1176 3506 1278 3581 29,
1322 3507 1424 3571 30.
1558 3509 1563 3519 “
2093 3504 2174 3569 34
2214 3522 2303 3559 =
2340 3522 2367 3559 ε
2402 3501 2547 3578 312,
2589 3499 2649 3559 Φ
2693 3496 2838 3562 281.

208 3620 325 3683 335
367 3613 444 3678 cf.
491 3639 526 3687 η
570 3617 716 3692 256,
760 3636 787 3674 ε
835 3617 974 3679 136.
2094 3613 2175 3677 36
2219 3628 2277 3691 p.
2303 3612 2462 3691 post.
2486 3607 2686 3673 1485.
2719 3609 2864 3686 494,
2904 3605 2956 3667 Χ
2984 3605 3130 3680 279,
3171 3607 3230 3665 Ψ
3255 3604 3359 3681 80,
3392 3604 3455 3666 Ω
3484 3602 3627 3670 486.

208 3728 325 3791 336
363 3746 448 3783 =
488 3747 514 3784 ε
557 3727 698 3798 136,
739 3747 775 3796 η
817 3725 961 3788 257.
1959 3721 2058 3784 39.
2093 3723 2173 3783 40
2214 3720 2280 3779 Π
2305 3721 2445 3782 775.
2470 3722 2529 3783 6.
2557 3706 2822 3789 Επειὸς
2849 3709 2925 3788 δὴ
2956 3707 3382 3787 ὁλοδάκτυλος
3411 3710 3632 3794 στίχος

209 3838 324 3900 337
368 3831 695 3896 simillimus
738 3856 774 3907 η
815 3834 960 3898 258.
2322 3823 2527 3888 κεῖταί.
2553 3848 2680 3888 που
2724 3824 2831 3886 καὶ
2872 3824 2935 3885 ἐν
2958 3816 3200 3885 Ἰλιάδι.

71 3948 320 4013 139-341
364 3964 450 4001 =
491 3966 519 4003 ε
562 3945 785 4009 36-38.
832 3938 912 4004 cf.
952 3943 1009 4002 B
1055 3944 1208 4016 140,
1251 3941 1307 4001 O
1351 3942 1512 4018 499,
1553 3962 1597 4001 τ
1638 3939 1784 4016 280,
2092 3943 2176 4004 44
2215 3936 2344 4002 init.
2388 3940 2440 3997 Σ
2482 3937 2628 4002 233.

474 4074 527 4113 π
569 4053 726 4125 231,
766 4073 805 4112 ν
850 4053 994 4117 136.
2092 4050 2174 4113 49
2217 4044 2300 4112 ef.
2342 4049 2397 4108 Γ
2440 4050 2542 4112 34.

214 4166 327 4228 343
368 4158 445 4222 cf.
487 4162 545 4220 Ψ
587 4160 668 4223 62
709 4162 773 4220 et
812 4162 956 4226 233.
1003 4183 1042 4220 v
1087 4162 1187 4224 56.
2095 4160 2169 4221 51
2216 4174 2276 4238 p.
2320 4161 2480 4239 post.
2525 4157 2561 4238 β
2609 4155 2749 4229 188,
2793 4176 2827 4227 η
2871 4156 3011 4217 157.

215 4276 330 4337 344
369 4283 578 4349 saepe.
1349 4258 1361 4277 ‘
1963 4267 2065 4329 52.
2101 4268 2180 4331 53
2210 4287 2298 4324 =
2329 4268 2363 4326 I
2405 4268 2507 4330 94.
2552 4267 2657 4329 95.
3091 4341 3097 4346 ,

214 4384 328 4446 345
369 4382 529 4459 post.
576 4395 635 4458 p.
681 4379 743 4438 N
787 4380 867 4462 84
925 4422 929 4426 -
2094 4377 2176 4438 54
2218 4371 2388 4438 Eust.
2435 4370 2497 4447 ἐξ
2521 4368 2788 4448 Ἰλιάδος
2818 4367 3296 4455 mapsam-mae..
3342 4364 3421 4440 cf.
3447 4369 3499 4428 Γ
3529 4365 3630 4431 82.

218 4490 331 4554 348
375 4485 507 4551 sim.
546 4489 604 4547 A
647 4488 708 4550 2.
2052 4495 2059 4503 ·
2098 4486 2175 4547 57
2218 4481 2352 4545 sim.
2397 4484 2451 4543 Γ
2498 4483 2600 4547 84.
