3825 5009
2076 221 2133 303 8

302 423 558 492 machus
586 429 652 491 et
674 431 958 511 pastores
987 441 1123 491 cum
1153 425 1385 493 ancillis
1415 427 1638 494 saltare
1665 426 1972 494 iubentur.
2026 424 2236 493 Additi
2262 431 2407 494 sunt
2434 424 2702 494 [cuano
2731 427 2809 493 ab
2839 427 3079 512 eodem,
3106 427 3212 514 qui
3241 429 3560 518 epilogum
3593 430 3780 497 huno

307 537 617 621 pissimum
646 534 966 618 Odysseae
993 535 1283 601 adiunxit.

505 644 628 710 lam
654 661 808 710 vero
835 644 933 710 fac
961 663 1095 711 eam
1122 651 1352 731 partem
1370 692 1390 725 ,
1433 664 1555 732 qua
1596 665 1803 735 pugna
1841 664 1979 714 cum
2019 645 2435 713 ithacensibus
2479 646 2803 714 commissa
2840 654 2905 714 et
2940 667 3062 734 pax
3087 648 3401 716 Minervae
3432 648 3656 737 'opera

308 761 434 821 tuta
464 756 865 836 continentur,
905 775 1084 840 quam
1111 757 1380 841 pessime
1409 773 1558 823 esse
1599 757 1933 824 institutam
1963 756 2142 823 etiam
2185 758 2291 842 qui
2319 756 2654 825 defendunt
2680 775 2803 824 non
2830 765 3090 845 negant:
3134 760 3234 825 fac
3272 760 3468 845 igitur
3496 761 3684 826 hane

308 881 455 932 esse
499 871 821 946 vetustam,
862 868 1222 952 genuinam,
1262 868 1673 934 necessariam
1716 869 1840 947 (sic
1882 868 2042 932 enim
2084 865 2217 932 fere
2257 868 2429 950 loqui
2471 867 2732 946 solean:
2774 886 2917 933 num
2944 868 3059 932 viri
3103 869 3440 935 doctissimi
3483 871 3617 935 iam
3651 871 3804 936 Ulixi

307 974 558 1040 timent?
598 993 740 1039 num
766 981 979 1059 putant
1004 976 1120 1041 hac
1148 982 1417 1042 extrema
1446 983 1617 1060 parte
1645 976 1847 1042 audita
1876 975 2149 1041 Graecos
2180 976 2259 1041 de
2287 975 2475 1041 Ulixis
2506 983 2677 1042 sorte
2705 995 2965 1043 securos
3004 977 3251 1044 fuisse?
3297 979 3415 1057 (cf.
3463 1004 3514 1042 ω
3559 985 3728 1048 354.
3797 988 3816 1002 ’

307 1086 428 1149 Pax
456 1086 613 1150 enim
640 1086 739 1151 illa
767 1085 886 1150 nisi
915 1084 1092 1150 fallor
1132 1085 1290 1152 facta
1332 1093 1430 1151 est
1472 1104 1607 1151 cum
1650 1086 2098 1166 Ithacensibus,
2141 1102 2265 1151 non
2306 1103 2444 1150 cum
2471 1086 2995 1168 Dulicbiensibus,
3037 1088 3414 1182 Zacyntbiis,
3459 1089 3736 1170 Samiis,
3775 1103 3823 1170 qt

304 1195 538 1261 insulae
568 1202 632 1259 et
657 1194 1071 1279 magnitudine
1101 1200 1165 1259 et
1190 1195 1494 1261 bominum
1521 1195 1899 1261 multitudine
1927 1194 2188 1262 Ithacam
2224 1196 2412 1281 longe
2440 1195 2828 1278 superabant.
2897 1196 3053 1273 Quid
3070 1196 3107 1259 ‘2
3147 1213 3353 1261 nonne
3397 1199 3710 1265 timemus
3751 1217 3812 1262 ne

306 1304 401 1370 his
445 1322 695 1386 quoque
736 1321 975 1387 poenae
1016 1305 1224 1371 caedis
1268 1305 1670 1390 repetantur?
1724 1324 1804 1369 ne
1849 1305 2053 1372 denuo
2095 1304 2454 1371 Acrisiadae
2493 1305 2555 1369 in
2597 1322 2833 1370 summo
2876 1307 3147 1390 periculo
3188 1309 3586 1374 versentur?
3630 1328 3764 1375 non
3797 1311 3823 1372 ss

302 1430 435 1477 rum
464 1414 805 1495 iterumque
836 1430 992 1496 opus
1023 1414 1139 1479 erit
1167 1414 1439 1482 Minerva
1466 1416 1566 1480 illa
1596 1415 2007 1480 conciliatrice
2022 1419 2057 1478 'e

502 1521 626 1587 Sed
653 1523 807 1590 baec
835 1524 1160 1588 hactenus.
1227 1523 1363 1590 Non
1392 1524 1553 1589 enim
1581 1541 1717 1589 sum
1744 1526 1997 1604 nescius
2030 1523 2109 1589 de
2138 1524 2439 1589 eiusmodi
2467 1524 2685 1603 rebus,
2729 1542 2886 1607 quae
2931 1512 3009 1591 ad
3046 1525 3442 1591 aestheticam
3475 1545 3673 1611 quam
3706 1543 3823 1598 vom

304 1635 496 1696 artem
521 1632 889 1713 referuntur,
918 1633 1080 1697 haud
1109 1651 1251 1698 raro
1277 1635 1341 1698 in
1370 1640 1688 1717 utramque
1717 1640 1947 1716 partem
1977 1633 2137 1699 bene
2166 1640 2348 1717 atque
2377 1634 2767 1717 probabiliter
2796 1635 3087 1720 disputari
3116 1653 3302 1719 posse
3327 1640 3406 1714 ι).
3465 1637 3756 1703 Sit.baec

307 1741 591 1825 genuina,
636 1741 718 1805 sit
756 1743 1126 1807 necessaria.
1197 1741 1298 1824 At,
1343 1743 1537 1826 qualis
1582 1743 1824 1827 quidem
1865 1761 2027 1808 nunc
2070 1750 2189 1821 est,
2228 1762 2355 1809 non
2393 1750 2491 1808 est
2518 1748 2779 1808 vetusta.
2846 1743 3049 1821 Quid?
3092 1747 3147 1810 si
3188 1747 3631 1814 recentissimo
3679 1749 3805 1812 dem

305 1857 596 1934 tempore,
639 1849 877 1916 Solonis
919 1851 1207 1930 fortasse,
1246 1859 1343 1918 est
1381 1852 1561 1916 orta?
1625 1851 1780 1916 Num
1808 1853 2183 1918 aestbetieae
2222 1854 2370 1918 artis
2406 1852 2650 1939 legibus
2689 1853 3120 1932 adhibebimus
3147 1855 3354 1932 fidem,
3400 1857 3638 1939 quibus
3680 1843 3823 1944 nosl

304 1977 521 2024 carere
549 1976 675 2024 non
699 1976 892 2042 posse
919 1960 1188 2043 ideoque
1218 1980 1351 2026 eam
1381 1977 1527 2027 esse
1557 1963 1881 2046 genuinam
1911 1966 2093 2045 atque
2122 1967 2423 2027 vetustam
2453 1961 2830 2027 doceamur?
2874 1964 3264 2046 Quamquam,
3305 1966 3411 2047 qui
3442 1965 3735 2032 defendit
3760 1963 3823 2042 eas

303 2067 651 2134 Nitzscbius
675 2070 773 2133 vir
801 2070 1192 2136 doctissimus
1225 2071 1427 2154 deque
1457 2071 1674 2136 studiis
1705 2070 2030 2135 homericis
2061 2072 2283 2156 optime
2312 2071 2559 2136 meritus
2590 2074 2804 2139 nescio
2835 2092 2910 2137 an
2938 2092 3009 2139 se
3038 2075 3154 2138 iam
3185 2077 3317 2157 ipse
3345 2074 3738 2141 refutaverit.
3795 2067 3823 2176 11

302 2180 461 2245 enim
492 2181 570 2244 de
600 2179 847 2263 cyclicis
876 2180 1029 2244 haec
1045 2183 1130 2257 ²J:
1176 2180 1359 2252 „Hier
1401 2181 1515 2267 gilt
1555 2198 1627 2245 es
1670 2197 1787 2245 uns
1831 2197 1949 2245 nur
1988 2198 2066 2244 zu
2108 2179 2437 2257 beachten‚
2480 2182 2598 2245 wie
2628 2182 2944 2248 dieselben
2973 2183 3131 2248 ohne
3162 2185 3301 2249 eine
3328 2184 3543 2250 Lficke
3572 2205 3659 2251 zu
3684 2183 3823 2280 lassi

301 2291 449 2356 aber
477 2289 632 2356 auch
659 2281 820 2356 ohne
846 2290 1069 2377 irgend
1095 2290 1592 2378 riberzugreifen,
1634 2291 1766 2355 ihre
1796 2289 2091 2357 Gedicbte
2119 2291 2322 2357 neben
2351 2290 2451 2357 die
2478 2289 2614 2357 llias
2644 2292 2767 2357 und
2797 2292 3085 2376 Odyssee
3115 2293 3363 2379 gestellt
3389 2294 3619 2362 haben.
3684 2295 3823 2384 Kcinl

298 2418 423 2467 von
449 2402 631 2466 ihnen
657 2408 864 2486 wagte
893 2420 988 2480 es,
1019 2402 1117 2465 die
1149 2402 1482 2485 gleichsam
1508 2401 1777 2487 heiligen
1806 2400 2064 2467 Gebiete
2091 2420 2171 2467 zu
2199 2402 2516 2481 betreten';
2555 2420 2672 2467 nur
2700 2402 2762 2468 in
2793 2403 2904 2467 der
2929 2403 3193 2488 Bildung
3223 2404 3537 2470 einzelner
3565 2399 3823 2470 Theileel

298 2511 502 2575 ferten
528 2510 622 2574 sie
653 2509 773 2573 den
801 2508 995 2574 schon
1024 2509 1250 2573 damals
1278 2509 1718 2574 bewunderten
1746 2509 2018 2574 Mustern
2059 2512 2235 2576 nach.
2301 2512 2604 2597 Dagegen
2647 2517 2792 2597 trug
2832 2512 3105 2578 Lescbes
3150 2531 3360 2599 gegen
3404 2515 3694 2580 Arktinos
3735 2505 3823 2592 nid

300 2618 513 2685 solche
543 2618 743 2684 Scheu
769 2629 801 2666 «
870 2619 1039 2694 Quae
1067 2634 1170 2683 res
1200 2623 1271 2682 ut
1314 2623 1486 2682 recte
1530 2635 1602 2682 se
1640 2617 1877 2697 habeat,
1924 2619 2069 2700 quid
2110 2620 2252 2685 inde
2295 2627 2621 2702 sequatur,
2664 2622 2825 2686 haud
2869 2621 3110 2687 difficile
3154 2625 3272 2687 erit
3313 2623 3390 2688 ad
3436 2624 3823 2690 diiudicanda!

301 2731 740 2813 Argumentum
784 2728 1204 2814 Telegoneae,
1249 2746 1408 2811 quae
1452 2729 1796 2813 Odysseam
1838 2729 2108 2812 excepit,
2154 2735 2253 2794 est
2283 2729 2429 2796 boc:
2473 2735 2535 2794 oi
2574 2727 2909 2819 μνήστορες
2950 2729 3080 2796 ὑπὸ
3120 2739 3249 2796 τῶν
3278 2729 3718 2818 προσηκόντων
3750 2735 3823 2826 24

298 2863 583 2904 πτονται
603 2836 1069 2914 καὶὈδυσσεῦς
1090 2838 1294 2914 θύσας
1315 2834 1590 2926 νύμφαις
1604 2834 1878 2913 εἰςἮλιν
1888 2837 2182 2904 ἀποπλεῖ.
2211 2838 2295 2904 At
2305 2857 2627 2924 procorum
2645 2842 2953 2925 sepultura
2969 2842 3084 2907 iam
3102 2847 3200 2907 est
3218 2849 3460 2908 narrata
3475 2869 3524 2907 ω
3542 2845 3823 2913 413-414,

298 2949 580 3016 Nostram
608 2950 799 3035 igitur
823 2956 1053 3034 partem
1082 2949 1135 3014 si
1161 2949 1538 3035 Eugammon
1583 2950 2013 3034 cognovisset,
2052 2967 2197 3013 num
2225 2967 2262 3014 a
2304 2951 2507 3033 procis
2552 2951 2923 3034 sepeliendis
2967 2959 3142 3017 esset
3183 2958 3418 3017 orsus?
3462 2972 3605 3019 cum
3631 2954 3823 3019 Home!

298 3061 434 3144 ipso
465 3067 531 3125 ut
557 3059 978 3138 contenderet,
1021 3059 1280 3123 animum
1306 3059 1665 3122 inducturus
1695 3056 1960 3123 fuisset?
2022 3058 2264 3122 Minime
2294 3076 2463 3124 vero.
2530 3061 2678 3124 Eius
2721 3061 2910 3145 igitur
2953 3069 3247 3147 tempore,
3292 3069 3479 3182 atque
3509 3064 3628 3129 suit
3657 3062 3823 3148 quide

155 3253 166 3262 -
299 3170 461 3234 circa
491 3171 584 3236 Ol.
615 3166 758 3247 Llll,
787 3169 939 3233 haec
969 3185 1109 3253 pars
1141 3168 1466 3252 Odysseae
1496 3168 1762 3232 nondum
1791 3167 2029 3232 adiecta
2057 3166 2188 3230 fuit.

493 3277 617 3344 Iam
646 3296 797 3343 vero
828 3279 949 3342 ad
932 3295 1120 3363 ipsam
1148 3277 1510 3343 accedamus
1539 3295 1689 3341 rem.
1753 3277 1958 3359 Atque
1986 3277 2236 3360 primum
2267 3278 2507 3360 quidem
2537 3279 2930 3359 consideres,
2974 3298 3151 3362 quam
3187 3298 3397 3365 parum
3425 3287 3567 3365 apte
3595 3283 3755 3348 baec
3779 3297 3823 3345 e:

300 3394 489 3452 trema
517 3406 658 3472 pars
687 3390 786 3466 iis,
832 3405 991 3471 quae
1022 3388 1406 3466 antecedunt,
1451 3388 1531 3451 sit
1560 3388 1815 3451 adnexa.
1885 3386 2192 3451 Concubia
2220 3404 2346 3451 nox
2384 3387 2500 3451 iam
2531 3388 2756 3453 dudum
2783 3390 3127 3473 praeteriit,
3166 3390 3468 3454 Auroram
3496 3391 3742 3456 iamiam
3767 3389 3823 3482 oq

298 3504 491 3562 turam
519 3500 764 3563 retinuit
790 3499 1059 3565 Minerva
1091 3503 1174 3579 (ψ
1202 3501 1376 3578 243),
1407 3502 1474 3561 ut
1495 3495 1701 3560 Ulixes
1731 3495 2159 3581 Penelopeque
2187 3515 2403 3563 somno
2434 3495 2554 3561 frui
2581 3504 2856 3583 possent.
2888 3498 3319 3580 Nihilosecius,
3347 3505 3754 3583 posteaquam
3779 3500 3822 3562 ia

300 3608 572 3673 Tiresiae
612 3607 770 3672 illam
809 3609 1296 3676 vaticinationem
1333 3606 1544 3672 Ulixes
1591 3625 1727 3672 cum
1766 3606 2067 3691 Penelopa
2106 3608 2605 3689 communicavit,
2660 3609 2862 3673 denuo
2904 3609 3327 3695 longissimum
3375 3611 3722 3676 instituitur
3764 3607 3822 3673 co

296 3718 584 3802 loquium.
661 3716 907 3784 Silentio
952 3719 1326 3802 praeter-ibe,
1372 3701 1534 3800 quod
1560 3704 1824 3802 magnus
1862 3734 2151 3783 versuum
2193 3735 2484 3782 numerus
2530 3717 2770 3782 aliunde
2813 3724 2911 3783 est
2940 3720 3313 3804 depromtus.
3387 3717 3485 3783 Ab
3515 3741 3577 3786 v.
3611 3724 3743 3789 300
3780 3733 3823 3812 m

298 3846 419 3912 que
448 3828 526 3892 ad
556 3846 616 3893 v,
647 3831 773 3898 309.
808 3846 911 3893 res
948 3829 1110 3893 bene
1140 3845 1227 3914 ,se
1269 3828 1473 3910 babet,
1516 3834 1615 3892 est
1652 3825 1852 3914 etiam}
1879 3827 2174 3910 quaedam
2205 3827 2600 3905 concinnitas,
2643 3828 2864 3893 etenim
2895 3828 3172 3894 etUlixis
3218 3834 3281 3893 et
3308 3829 3654 3914 Penelopae
3697 3845 3823 3897 seru

506 4152 559 4229 ¹)
587 4156 766 4228 Atque
795 4152 912 4226 ipse
942 4152 1182 4220 Faesius,
1215 4154 1378 4211 unius
1409 4153 1507 4211 Od.
1540 4153 1815 4220 defensor,
1848 4152 2015 4211 habet
2044 4143 2204 4210 haec.
2237 4171 2291 4230 p.
2323 4153 2554 4211 xxxm:
2589 4154 2716 4223 „die
2744 4154 3079 4230 Erkennung
3107 4155 3202 4213 des
3232 4156 3455 4213 Laertes
3485 4155 3601 4214 und
3632 4155 3725 4215 die
3753 4157 3823 4218 Aul

299 4237 553 4313 sbhnung
580 4239 679 4294 mit
706 4236 812 4295 den
841 4236 1203 4296 Verwandten
1234 4240 1333 4296 der
1361 4238 1545 4297 Freier
1573 4239 1745 4313 geht
1730 4255 1802 4295 ιιιι
1833 4237 2053 4296 Grunde
2096 4237 2233 4294 tiber
2273 4240 2360 4296 die
2389 4239 2709 4333 Fordemng
2751 4241 2847 4297 des
2879 4238 3280 4297 aesthetischen
3309 4240 3612 4298 Inter-esses
3655 4227 3823 4300 hinnul

298 4331 354 4381 et
397 4340 552 4391 „was
580 4324 776 4380 weiter
815 4320 1217 4390 hinzukommt,
1263 4324 1414 4380 dient
1450 4322 1608 4380 mehr
1645 4340 1743 4380 zur
1761 4322 2156 4444 Berriedigung
2185 4323 2338 4380 einer
2379 4323 2650 4398 gevassen
2688 4324 3190 4401 untergeordneten
3226 4324 3487 4405 Neugier,
3536 4324 3616 4383 als
3662 4326 3784 4386 dass
3815 4335 3823 4379 ι

298 4426 421 4468 zum
452 4403 829 4482 Gegenstande
859 4406 955 4466 des
987 4407 1274 4465 Gediehtes
1304 4407 1477 4465 selbst
1507 4407 1794 4483 gehortest‘
3821 4419 3822 4438 ¹

378 4565 386 4575 ο
498 4490 560 4569 2)
603 4482 937 4554 Erkl.Aum.
969 4491 1329 4569 11.p.xx111.
