3825 5009
1801 199 1901 296 17
1923 231 1932 316 j

63 419 282 499 ιτος,
319 417 539 508 τάφος
570 422 701 506 (hy.
733 422 878 489 Bac.
913 425 1044 501 37),
1075 415 1325 507 τρόμος,
1354 396 1561 505 φῆμις,
1591 418 1806 508 φόβος,
1846 414 2037 503 φύζα,
2077 417 2568 510 χαλιφροσύναι,
2613 419 2815 504 χόλος,
2857 422 3045 508 αἴθρη
3084 424 3285 488 κείνου
3316 430 3439 507 ἔχει
3472 451 3647 510 κορυ-

63 559 105 594 v
162 559 227 618 μ
256 539 370 609 76,
401 533 524 594 αἰεὶ
542 526 831 617 δ’ὄμβρος
859 537 983 613 ἔχει
1010 524 1325 593 τεθαλυῖά
1350 524 1409 592 τ’
1438 527 1612 615 ἐέρση
1638 552 1695 592 ν.
1713 534 1859 605 245,
1892 527 2059 605 οἶνος
2086 535 2209 611 ἔχει
2239 529 2468 614 φρένας
2499 555 2543 593 σ
2565 535 2706 611 331,
2737 530 2992 615 εὖμυλίη
3021 528 3166 616 δέχ’
3194 531 3521 618 Ὄλυμπόν
3542 534 3645 618 hy.

63 661 113 706 ι·
168 647 348 721 325,
392 641 778 723 stadim-&758⁶
804 632 921 714 ὕλη
949 640 1052 722 hy.
1084 638 1181 722 Ap
1211 642 1334 705 228
1365 638 1624 720 aliaque,
1665 639 1879 720 ἔχεταί
1920 661 2017 712 τις
2060 636 2374 720 ἀχέεσσιν,
2418 633 2699 721 ἄλγεσιν,
2742 654 2967 717 κακοῖς,
3012 637 3327 726 ἄσθματι,
3368 653 3647 728 κωκυτῷ,

64 761 294 836 anfi,
334 751 715 836 κιςληθμῷῑ).
777 747 1003 813 Eadem
1037 748 1114 812 de
1146 765 1333 812 causa
1358 763 1484 811 ιιοιι
1512 748 1597 811 ita
1624 746 1890 828 loquitur
1919 747 1988 810 Η.
1998 792 2016 825 ,
2045 752 2114 809 ut
2142 746 2305 810 dicat
2332 765 2445 811 nos
2478 764 2755 812 somnum
2784 748 3033 831 habere,
3062 758 3295 831 tenere,
3333 753 3448 817 sed
3476 769 3648 817 som-

63 877 105 926 Β
158 865 360 924 tenet
390 877 504 925 nos
537 860 714 942 (ἔχει,
759 861 936 941 αἱρεῖ,
980 854 1191 933 ἱκάνει,
1236 858 1522 934 ἐπῆλθεν,
1566 861 1902 942 ἔμαρπτεν,
1949 854 2270 932 ἐπέδησεν,
2315 856 2509 918 λείπει
2540 858 2652 932 Qu.
2693 862 2946 936 14,226,
2990 858 3404 946 οἷμφέχειὈη.
3441 866 3647 941 3,353,

63 974 298 1045 ὒῆκεν
341 969 461 1051 Ap.
492 966 604 1031 Rh.
639 971 697 1046 3,
702 971 857 1045 632,
898 969 1129 1049 ἔλαβεν
1155 964 1273 1050 Ap.
1306 966 1415 1028 Rh.
1453 970 1687 1045 3,75o).
1777 965 2001 1031 Somno
2045 964 2163 1028 frui
2209 971 2307 1028 εει
2350 965 2507 1048 apud
2550 965 2623 1029 Η.
2669 984 2790 1030 non
2834 959 3036 1031 ὕπνον
3077 974 3237 1051 ἔχειν
3282 970 3394 1033 sed
3438 963 3645 1048 ὕπνου

64 1104 228 1166 ρον
264 1076 546 1143 ἑλέσθαι.
602 1076 735 1141 Jam
763 1093 914 1141 vero
945 1081 1236 1139 seneclus
1282 1080 1379 1138 est
1421 1092 1605 1157 quum
1650 1092 1732 1138 ex
1773 1075 2038 1141 omnium
2071 1073 2441 1139 Graecorum
2486 1078 2608 1138 tum
2655 1093 2736 1139 ex
2764 1075 3009 1140 Homeri
3052 1077 3334 1160 opinione
3377 1096 3481 1142 res
3526 1085 3648 1144 tam

63 1190 243 1254 avis
280 1195 348 1253 et
374 1186 728 1265 iniucunda,
771 1190 890 1248 tam
922 1184 1175 1249 molesta
1206 1190 1388 1267 atque
1417 1184 1654 1265 odiosa,
1699 1185 1828 1267 (hy.
1858 1184 2008 1248 Ven.
2041 1188 2185 1250 247.
2234 1192 2420 1268 γῆρας
2465 1178 2824 1269 ουλόμενον,
2868 1165 3253 1270 καματηρὸν,
3298 1178 3333 1249 ὅ
3376 1212 3448 1249 τε
3492 1214 3646 1252 στυ-

63 1323 254 1362 ειυσι
284 1298 426 1360 θεοί
453 1305 602 1382 περ)
635 1300 702 1361 ιιι
731 1312 862 1360 eam
892 1312 1014 1359 ιιοιι
1044 1294 1253 1359 libenti
1282 1294 1478 1359 animo
1513 1294 1980 1378 complectamur
2010 1298 2074 1357 et
2103 1298 2456 1375 teneamus,
2498 1293 2610 1358 sed
2649 1300 2716 1357 ιιι
2746 1313 2780 1359 a
2810 1301 3129 1383 senectute
3168 1300 3451 1378 tanquam
3478 1297 3648 1361 inviti

63 1409 354 1493 piamur
381 1414 562 1489 atque
592 1404 992 1484 teneamur2).
1066 1403 1203 1469 Non
1239 1404 1357 1489 ipsi
1395 1381 1744 1468 accedimus
1787 1403 1865 1467 ad
1892 1410 2338 1482 senectutem,
2370 1403 2484 1468 sed
2529 1408 2819 1468 senectus
2860 1405 3098 1469 accedit
3133 1406 3210 1470 ad
3251 1422 3366 1471 nos
3407 1423 3647 1489 nosque

63 1517 211 1583 tasi
241 1515 562 1601 fugientes
609 1513 1027 1597 deprehendit.
1076 1515 1290 1598 (γῆρας
1317 1513 1534 1599 τείρει,
1589 1507 1839 1589 ὀπάζει,
1892 1509 2177 1589 {noim-20³),
2229 1518 2456 1588 ἔπεισι,
2509 1514 2888 1595 κατεπείγει,
2940 1520 3193 1599 ἔτετμε,
3243 1510 3452 1591 ἦλθεν,
3501 1521 3644 1598 ἔχει,

63 1624 354 1710 ἱρπτει,
395 1619 874 1710 ἀμφικαλύπτει
901 1623 1002 1707 hy.
1036 1622 1186 1686 Ven.
1220 1625 1375 1700 245)
1421 1622 1643 1686 Contra
1681 1627 2057 1704 quantopere
2098 1630 2285 1706 γῆρας
2324 1611 2442 1704 ἔχει
2474 1640 2509 1685 a
2538 1622 2778 1705 poetico
2817 1613 3143 1688 verborum
3183 1640 3352 1688 more
3380 1623 3645 1689 recedit!

63 1733 372 1799 =holiasta
400 1729 554 1797 haec
583 1733 773 1796 verba
803 1738 945 1797 sunt
974 1730 1178 1816 digna,
1222 1748 1345 1795 non
1374 1730 1658 1811 Homero,
1702 1731 1974 1815 principe
2001 1731 2102 1795 illo
2132 1734 2466 1814 poetarum.

238 1848 391 1909 250.
436 1841 705 1927 αὐχμεῖς.
736 1833 896 1911 251.
944 1840 1157 1926 ἀεργίη
1185 1838 1245 1903 ἁ.
1277 1843 1321 1903 ε’.
1352 1839 1428 1904 cf.
1459 1841 1605 1906 Hes.
1640 1840 1792 1925 Opp.
1828 1845 1971 1907 311.

237 1957 384 2018 252.
416 1939 714 2013 δούλειον.
757 1950 1073 2034 Nusquam
1097 1950 1255 2033 apud
1277 1949 1349 2014 H.
1374 1949 1738 2015 adiectivum
1768 1945 2017 2024 δούλως
2049 1950 2204 2029 (sic)
2229 1951 2505 2015 invenies
2538 1949 2655 2013 nisi
2686 1951 3075 2015 coniunctum
3099 1968 3239 2014 cum
3261 1951 3642 2017 substantivo

64 2088 233 2144 ιαρ,
281 2061 500 2126 eodem
530 2060 711 2125 modo
744 2059 1039 2124 adiectiva
1070 2056 1420 2145 ἐλεύθερος,
1474 2056 1754 2143 ὀλέθριος
1793 2050 2034 2143 εἐιιιρει·
2073 2077 2208 2122 cum
2241 2080 2297 2122 v.
2335 2054 2497 2143 ἦμαρ
2533 2063 2677 2122 sunt
2715 2058 3008 2142 copulata.
3056 2060 3281 2137 (semel
3319 2056 3644 2147 ἐλεύθερον

63 2179 336 2256 »ηπ-ἦρα,
379 2187 639 2253 quorum
668 2169 996 2234 verborum
1024 2169 1119 2234 vis
1148 2168 1284 2233 fere
1313 2169 1530 2234 eadem
1559 2174 1708 2245 est.)

238 2284 386 2347 253.
433 2277 593 2354 εἶδος
622 2281 728 2342 καὶ
757 2278 1028 2364 μέγεθος.
1073 2277 1239 2343 Haec
1277 2278 1571 2342 vocabula
1612 2279 1667 2341 si
1711 2267 2034 2342 coniuncta
2073 2279 2235 2362 apud
2263 2275 2337 2341 H.
2365 2279 2793 2362 reperiuntur,
2848 2293 3091 2361 semper
3118 2280 3306 2344 utitur
3317 2281 3642 2382 particulis

63 2413 140 2454 ε-
109 2412 251 2452 -τε,
286 2389 522 2466 (Herm.
558 2389 634 2453 ad
661 2389 765 2472 hy.
807 2389 943 2454 Cer.
979 2391 1093 2466 86)
1123 2387 1203 2452 cl'.
1235 2390 1290 2449 B
1322 2392 1433 2469 58,
1476 2389 1685 2468 3152,
1726 2391 1766 2451 λ
1796 2392 1948 2467 336,
1992 2411 2037 2450 ω
2071 2393 2223 2468 373,
2265 2387 2413 2474 Hes.
2446 2386 2593 2454 Scut
2623 2394 2696 2466 4,
2738 2386 2843 2471 hy.
2877 2386 3028 2453 Ven.
3065 2390 3166 2455 85.
3239 2389 3458 2455 Postea
3487 2391 3642 2457 aliae
3763 2419 3764 2422 ¹

63 2515 291 2579 noque
318 2498 647 2582 particulae
672 2497 1132 2582 adhibebantur.
1165 2495 1248 2560 cf.
1280 2496 1385 2579 hy.
1418 2496 1568 2560 Ven.
1604 2496 1713 2577 82
1755 2495 1856 2581 hy.
1897 2495 2036 2561 Cer.
2066 2501 2211 2574 275,
2253 2497 2402 2584 Hes.
2436 2495 2544 2562 Th.
2586 2495 2729 2564 620.
2808 2494 3025 2580 Neque
3061 2497 3181 2564 hoc
3210 2496 3370 2563 forte
3398 2498 3642 2567 fortuna

63 2613 269 2671 ictum
302 2623 447 2671 esse
476 2608 798 2672 videbitur.
870 2607 1106 2670 Etenim
1143 2606 1495 2670 innumerae
1541 2605 1745 2670 afferri
1773 2614 2032 2689 possunt
2064 2625 2161 2670 vv.
2197 2606 2573 2688 quorundam
2604 2608 3093 2687 coniunctiones,
3136 2609 3197 2672 in
3228 2609 3447 2691 quibus
3478 2630 3639 2675 nun·
3763 2602 3764 2655 ἒ

64 2736 218 2781 uam
242 2733 363 2779 non
385 2714 598 2780 iisdem
622 2720 840 2799 poetae
872 2715 1176 2798 particulis
1207 2721 1477 2781 utuntur.
1524 2716 1722 2780 Pauca
1751 2699 2028 2780 attulisse
2059 2722 2154 2780 sat
2177 2716 2311 2780 erit.
2359 2715 2688 2779 Particulae
2717 2739 2906 2778 τε-τε
2936 2717 3124 2781 habes
3150 2719 3211 2780 in
3238 2717 3364 2783 his:
3393 2718 3636 2805 ἀνδρῶν
3762 2707 3765 2765 f

71 2837 106 2888 ὲ
136 2828 298 2886 θεῶν
325 2847 419 2901 τε,
455 2826 648 2909 βουλῇ
680 2820 819 2902 (ἦν)
848 2848 922 2888 τε
950 2821 1070 2910 νόῳ
1103 2830 1243 2902 (ον)
1276 2848 1368 2900 τε,
1410 2820 1705 2908 ἀμύμονά
1735 2848 1807 2885 τε
1834 2821 2141 2910 κρατερόν
2168 2847 2260 2900 τε,
2305 2820 2467 2906 ὄλβῳ
2495 2848 2567 2886 τε
2595 2820 2857 2908 πλούτῳ
2884 2850 2977 2902 τε,
3020 2824 3208 2911 δῆμός
3233 2851 3307 2889 τε
3336 2823 3518 2903 πόλις
3544 2853 3636 2907 τε,

63 2934 335 3016 λισμούς
362 2957 436 2995 τε
463 2929 729 3018 θρόνους
756 2957 860 3016 τε,
903 2928 1107 2996 δεινόν
1133 2930 1509 3015 τὀἷργαλέον
1536 2955 1639 3006 τε,
1683 2930 1831 3013 ἰαχή
1860 2957 1933 2994 τε
1962 2934 2156 3016 φόβος
2184 2957 2285 3008 τε,
2327 2928 2529 3017 Εὖρός
2556 2957 2629 2995 τε
2656 2929 2867 3008 Νότος
2895 2958 2997 3011 τε,
3040 2934 3199 3018 μέγα
3226 2961 3297 2998 τε
3328 2935 3634 3023 στιβαρόν

63 3067 142 3120 τε,
187 3038 437 3124 ἀγαθόν
477 3065 550 3107 τε
592 3040 782 3106 κακόν
823 3066 927 3119 τε,
972 3038 1225 3127 ἀφνειός
1266 3038 1576 3122 τ’ἁγαθός
1616 3064 1722 3118 τε,
1774 3038 1880 3116 ἠύς
1925 3045 2030 3120 (ν)
2071 3066 2142 3104 τε
2188 3039 2373 3127 μέγας
2402 3047 2501 3117 (ν)
2544 3066 2643 3118 τε,
2690 3040 2900 3125 ὀλίγον
2944 3048 3046 3120 (η)
3077 3069 3150 3107 τε
3183 3039 3384 3130 ’φίλον
3414 3048 3509 3127 (η)
3538 3071 3633 3123 τε,

63 3148 291 3215 παλαιά
315 3173 386 3213 τε
428 3147 639 3214 πολλά
671 3176 772 3226 τε,
815 3148 1018 3227 ἀυτήν
1060 3174 1133 3213 τε
1173 3145 1495 3235 πτόλεμόν
1536 3174 1607 3212 τε
1624 3197 1643 3226 ,
1685 3148 1874 3224 καλός
1916 3161 1988 3213 τ”ε
2031 3149 2214 3236 μέγας
2254 3175 2328 3214 τε
2349 3224 2356 3229 ,
2374 3158 2526 3228 (exc
2555 3157 2602 3214 Σ
2636 3157 2757 3218 518
2786 3150 2953 3217 καλοὶ
2996 3155 3103 3216 καὶ
3145 3150 3444 3237 μεγάλω),
3486 3159 3633 3230 ἔπος

63 3260 281 3345 ι’ἔφατ
321 3266 385 3323 ε’ἦι
426 3257 802 3346 τ’ὀνόμαζεν.
847 3258 1142 3345 ἠμὲν·ἦδὲ
1184 3261 1247 3325 in
1287 3260 1409 3324 his:
1454 3257 1600 3344 ἠμὲν
1644 3258 1830 3346 δέμας
1873 3260 1977 3336 ἡδὲ
2021 3263 2127 3322 καὶ
2170 3257 2394 3352 αὐδήν,
2446 3259 2592 3346 ἠμὲν
2636 3260 2760 3325 νέοι
2802 3260 2906 3338 ἠδὲ
2943 3261 3240 3348 γέροντες.
3272 3249 3351 3311 -”
3380 3265 3631 3326 τε-καὶε

63 3371 266 3434 εολλοί
306 3394 378 3432 τε
418 3371 526 3431 καὶ
569 3371 804 3433 ἐσθλοί.
847 3367 1037 3452 γαῖάν
1074 3394 1151 3434 τε
1193 3371 1299 3432 καὶ
1344 3365 1616 3456 οὐρανόν
1642 3404 1724 3419 --
1754 3370 1886 3432 καὶε
1934 3373 2322 3453 μεταλλῆσαι
2369 3371 2473 3432 καὶ
2519 3368 2802 3456 ἐρέσθαι,
2835 3368 3022 3433 Ἴποετ-οὶ
3068 3368 3268 3457 φρένα
3310 3375 3416 3435 καὶ
3456 3370 3625 3436 κατὰ

63 3474 270 3562 νομόν,
309 3473 656 3562 πολλάαοιὶ
683 3475 907 3555 ἐσθλά,
951 3475 1328 3563 ἀγορήσατο
1346 3480 1451 3540 καὶ
1483 3476 1815 3562 μετέειπεν,
1858 3472 2153 3542 θάνατον
2181 3481 2288 3540 καὶ
2317 3473 2600 3563 πότμον,
2644 3475 2927 3553 θάνατος
2953 3482 3059 3542 καὶ
3088 3492 3294 3566 μοῖρα,
3337 3477 3631 3546 θάνατον

140 3903 143 3908 -
247 3867 306 3945 1)
334 3877 552 3944 praeter
573 3871 708 3929 haec
732 3887 873 3946 quae
905 3872 1049 3947 apud
1079 3871 1143 3928 H.
1176 3880 1306 3932 sunt
1334 3872 1770 3947 frequentissima
1804 3872 1999 3930 addas:
2046 3865 2219 3930 ἀνίαι
2248 3872 2345 3945 Ap.
2371 3870 2470 3927 ΒΙι.
2498 3871 2553 3934 3,
2595 3869 2773 3937 1403,
2818 3863 3014 3948 ἀχλυς
3044 3870 3215 3940 Quint
3238 3869 3444 3936 13,11
3478 3870 3540 3926 A.
3571 3870 3635 3927 Β.

63 3958 107 4021 1,
142 3955 284 4019 725,
325 3950 507 4020 δεῖμα
538 3955 600 4024 Q.
635 3954 690 4020 7,
723 3956 875 4020 250,
921 3954 1172 4053 ἔρευθος
1198 3959 1261 4013 A.
1292 3957 1354 4013 R.
1387 3956 1442 4020 3,
1476 3956 1617 4021 962,
1662 3948 1803 4031 γόος
1834 3956 1897 4025 Q.
1938 3957 2042 4022 14,
2077 3956 2183 4022 39,
2231 3950 2597 4022 ἐνεοστασίη
2640 3945 2854 4034 μυθων
2877 3957 2939 4009 Α.
2970 3955 3035 4010 Β.
3070 3954 3136 4018 3,
3172 3957 3289 4019 76,
3333 3949 3640 4031 κατηφείη

63 4041 110 4095 λ.
141 4040 200 4095 R.
231 4038 285 4103 3,
316 4034 492 4103 1401,
540 4032 798 4110 ὀιζύςΩ.
835 4039 890 4105 7,
925 4040 1023 4105 36,
1067 4032 1363 4110 πόθοςΑ.
1394 4041 1455 4097 Β.
1488 4042 1545 4107 4,
1579 4040 1719 4107 617,
1743 4033 2052 4109 πόνοςΩ.
2085 4041 2141 4104 6,
2175 4038 2317 4103 215,
2362 4056 2489 4119 χαρ
2494 4039 2676 4138 μαΩ.
2713 4036 2807 4102 14,
2848 4036 2942 4102 19,
2992 4030 3230 4114 σιγήΑ.
3260 4037 3323 4093 P..
3355 4037 3412 4102 3,
3446 4035 3587 4092 749.

246 4120 308 4195 2)
337 4138 497 4180 secus
528 4132 612 4180 est
640 4124 697 4181 in
726 4142 775 4179 v.
807 4111 917 4202 ήβη
948 4119 1110 4182 simili
1140 4125 1383 4183 ratione:
1436 4125 1560 4202 ε”χει
1582 4112 1722 4202 ηβης
1750 4114 1950 4192 ἄνθος
1979 4124 2043 4182 Ν
2073 4123 2223 4189 484,
2272 4112 2419 4201 νβην
2449 4058 2714 4200 ἱκόμεθα
2742 4118 2804 4178 Ω
2836 4120 2994 4186 278,
3043 4138 3074 4178 o
3109 4120 3260 4187 365,
3306 4106 3495 4197 ήβης”’
3474 4136 3642 4176 ικετο

63 4199 307 4363 λέψας)
334 4298 522 4348 contra
555 4290 659 4348 alia
692 4292 901 4349 ratione
932 4292 1158 4349 dicitur:
1202 4310 1428 4388 γηραος
1457 4285 1647 4352 οὐδὸν
1676 4285 1943 4366 ἱκέσθαι,
1990 4297 2247 4349 senectus
2286 4290 2431 4349 enim
2462 4289 2745 4347 confertur
2775 4289 3024 4355 aedibus,
3073 4303 3309 4361 quarum
3338 4286 3502 4344 limen
3532 4283 3652 4341 adi-

63 4390 190 4430 mus.
250 4374 419 4431 Locus
450 4376 545 4450 qui
575 4383 660 4433 est
688 4395 732 4439 τ
761 4376 880 4433 367
911 4377 1099 4434 nescio
1143 4394 1212 4434 an
1256 4377 1328 4434 sit
1369 4378 1426 4435 in
1469 4378 1654 4453 spuria
1696 4376 1815 4435 eius
1858 4377 2186 4452 rhapsodias.
2215 4383 2389 4451 parte,
2439 4378 2505 4434 de
2536 4371 2591 4433 Δ
2624 4374 2743 4434 315
2778 4373 2911 4450 quid
2940 4374 3017 4433 sit
3045 4369 3401 4432 statuendum
3429 4366 3652 4436 dubito;

63 4457 208 4518 aliam
235 4458 472 4525 forsitan,
519 4475 689 4536 quam
713 4475 852 4537 quae
883 4459 1049 4538 vulgo
1081 4461 1386 4529 adhibetur,
1434 4461 1734 4540 explicandi
1765 4463 2106 4526 concesserit
2134 4461 2422 4520 rationem.
3218 4542 3258 4601 3
