3825 5009
1876 183 1934 270 9

150 400 384 461 {laer
420 400 685 477 uterque
728 392 1013 459 versibus
1054 387 1414 457 eontinetur.
1480 389 1602 456 lam
1638 396 1918 475 putamus
1950 407 2063 458 eos
2094 391 2358 458 dormire
2395 399 2596 469 (309).
2669 392 2750 460 At
2781 397 3061 480 seqnitur
3090 395 3414 482 Odysseae
3444 403 3693 487 epitome

151 510 533 584 0-343),
578 521 754 586 quam
788 498 1113 592 ῥητορικὴν
1145 506 1367 565 vocant
1394 499 1976 586 ἀνακεφαλαίωσιν,
2021 520 2141 585 qua
2167 502 2329 587 ipsa,
2375 521 2554 587 quam
2581 505 2848 589 ineptum
2872 495 3099 591 'poetae
3129 509 3472 591 consitium,
3524 530 3693 596 quam

148 631 429 681 tensae
470 612 866 699 longitudinis
908 612 1006 676 illa
1051 629 1178 675 nox
1218 610 1435 689 ruerit,
1489 610 1591 676 vel
1630 610 1803 676 inviti
1842 611 2258 678 admonemur.
2331 614 2464 690 Qua
2506 613 2568 679 in
2607 631 2678 679 re
2719 632 2842 679 non
2883 632 3139 699 possum
3181 636 3307 683 non
3349 622 3693 703 praedicare

147 725 436 791 starchi
476 721 889 806 incorruptum
932 727 1117 803 atque
1158 720 1465 804 integrum
1506 719 1826 802 iudicium,
1886 722 1991 804 qui
2033 722 2095 786 in
2135 713 2270 805 ipsa
2311 723 2428 789 hac
2469 731 2640 809 parte
2684 725 2889 809 spuria
2934 724 3487 813 ἀνακεφαλαίωσιν
3527 732 3693 797 istam

145 841 414 921 tepere
460 831 821 898 dilaudatam
860 829 1280 914 interpolatori
1321 829 1456 895 sive
1501 827 1890 896 diasceustae
1937 830 2152 897 deberi
2198 835 2407 899 statuit
2448 831 2811 900 rectissime.
2889 833 3122 901 Versus
3165 844 3513 921 postremus
3561 848 3693 911 342.

145 950 576 1038 erpolationis
609 947 1005 1014 occultandae
1038 963 1261 1028 causa,
1303 945 1503 1011 factus
1545 954 1644 1011 est
1686 947 1759 1012 ad
1800 943 2250 1012 similitudinem
2280 963 2340 1009 V.
2376 945 2519 1011 309.
2579 943 2862 1009 Ceterum
2891 945 2984 1010 his
3015 946 3301 1011 versibus
3334 948 3550 1015 deletis
3580 970 3693 1017 non

145 1082 279 1128 um
328 1059 495 1125 nulla
541 1064 640 1124 est
681 1059 929 1136 lacuna,
996 1057 1109 1121 sed
1152 1073 1257 1121 res
1302 1056 1490 1122 multo
1533 1057 1748 1122 melius
1789 1073 1861 1121 se
1912 1057 2142 1122 habere
2178 1055 2459 1121 videtur.
2555 1052 2794 1119 Adiecti
2833 1037 2980 1120 sunt
3021 1074 3057 1121 a
3101 1058 3390 1140 quodam,
3457 1061 3555 1125 cni
3601 1081 3693 1126 vv.

143 1175 430 1242 5--308
462 1168 746 1234 dilatandi
775 1184 919 1233 esse
951 1167 1330 1232 videbantur.
1394 1169 1452 1231 A
1482 1166 1735 1231 Graecis
1766 1173 1967 1232 autem
1995 1166 2258 1231 libenter
2285 1168 2429 1229 sunt
2457 1163 2664 1243 auditi,
2707 1170 2915 1249 utpote
2943 1165 3046 1248 qui
3078 1184 3325 1249 quoque
3356 1168 3488 1234 fere
3517 1171 3693 1236 huius

143 1284 269 1346 *tis
305 1297 504 1345 versu
530 1275 1069 1364 pulcherrimarum
1099 1275 1425 1361 Odysseae
1455 1277 1706 1361 partium
1737 1276 2230 1341 admonerentur.
2290 1272 2411 1338 lam
2442 1273 2521 1338 de
2556 1274 2818 1358 singulis
2861 1274 3082 1356 quibus
3124 1275 3485 1346 offendimur
3512 1281 3693 1346 rebus

146 1399 185 1456 t
226 1390 567 1477 agendum.

287 1505 441 1570 305.
471 1495 709 1573 πολλὸς
736 1496 804 1561 δὲ
832 1497 1038 1561 πίθων
1067 1491 1398 1583 ἠφύσσετο
1429 1495 1609 1571 οἶνος.
1654 1511 1714 1560 v.
1746 1491 2023 1581 ἀφύσσω
2054 1493 2447 1580 coniungitur
2475 1493 2551 1558 ab
2575 1491 2652 1556 Η.
2684 1510 2822 1557 cum
2824 1491 3401 1579 ‘praepositionibus
3436 1501 3517 1576 ἐκ,
3548 1494 3693 1576 ἀπό,

198 1627 514 1695 nusquam
546 1608 873 1695 genetivus
903 1607 1357 1692 praepositione
1386 1623 1510 1671 non
1541 1605 1776 1670 adiecta
1806 1623 1887 1669 ex
1917 1603 2037 1669 hoe
2065 1623 2123 1668 v.
2155 1602 2402 1687 pendet.
2447 1602 2525 1666 ef.
2553 1601 2657 1687 Sp.
2688 1619 2748 1685 p.
2787 1605 2927 1669 189.

288 1725 439 1787 320.
479 1722 714 1802 πολυμι
696 1740 880 1800 ηχανι
867 1716 974 1792 ’.ην
1005 1714 1067 1781 ἁ.
1100 1717 1143 1779 ἐ.
1175 1715 1358 1781 habet
1387 1715 1682 1798 quandam
1715 1714 2174 1780 excusationem
2203 1733 2263 1778 v.
2296 1711 2610 1797 ἀμηχανίη
2642 1719 2693 1788 (ι
2721 1715 2866 1793 295,
2897 1712 3044 1780 Hes.
3071 1714 3223 1799 Opp.
3256 1717 3427 1793 493).
3473 1714 3693 1782 Nescio

184 1831 279 1895 sit
309 1828 675 1914 urgendum,
720 1825 888 1908 quod
917 1818 1075 1909 apud
1104 1823 1177 1887 Η.
1202 1825 1322 1889 nisi
1350 1822 1556 1888 Ulixes
1587 1838 1765 1888 nemo
1795 1820 2237 1909 πολυμήχανος
2266 1827 2540 1886 vocatur.

292 1943 439 2006 324.
482 1935 575 2000 eto
579 1938 668 1999 ιδε
717 1931 968 2008 πάντας
1018 1933 1323 2019 ἑταίρους.
1396 1931 1758 2009 Quosnam?
1812 1949 2026 1997 omnes
2070 1933 2288 2016 opinor
2341 1931 2536 2016 ipsius
2592 1906 2835 2012 socioS,
2892 1932 3002 2016 qui
3029 1931 3209 2000 bello
3251 1933 3693 2021 naufragioque

142 2025 415 2116 rierant.
480 2045 805 2130 Repugnat
844 2041 1010 2107 hiel.
1041 2040 1421 2126 apertissime
1464 2043 1750 2126 necyiae,
1793 2042 1913 2107 nisi
1957 2042 2094 2125 quis
2140 2059 2276 2106 cum
2306 2040 2626 2106 Eustathio
2668 2041 2746 2106 ad
2790 2042 3104 2110 artificium
3146 2043 3323 2124 illud,
3364 2063 3487 2129 quo
3516 2051 3693 2133 poeta

137 2158 335 2243 aquid,
366 2153 531 2239 quod
563 2159 695 2220 erat
724 2137 1067 2229 dicendum,
1100 2151 1178 2216 de
1206 2150 1506 2217 industria
1535 2151 1776 2218 silentio
1807 2150 2298 2235 praetermisisse
2328 2155 2589 2234 putatur,
2632 2149 2967 2238 confugiat.
3030 2152 3165 2228 Quo
3196 2154 3507 2221 schemate
3535 2155 3693 2222 haud

138 2285 226 2332 ro
267 2266 430 2331 falso
462 2270 713 2332 veteres
743 2279 896 2329 usos
930 2256 1076 2328 esse
1103 2278 1302 2345 nuper
1333 2260 1540 2326 docuit
1568 2259 1949 2327 Sehoemann
1980 2262 2050 2341 ¹).

289 2379 435 2444 326.
480 2370 781 2460 Σειρήνων
810 2368 1105 2436 ἁδινάων.
1136 2387 1319 2454 quem
1340 2369 1441 2454 Sp.
1475 2367 1826 2453 scrupulum
1852 2369 2072 2435 iniecit
2090 2376 2179 2455 (p.
2214 2372 2386 2453 183),
2409 2385 2551 2436 eum
2576 2349 2797 2438 Buttm.
2829 2370 3053 2448 (laxit.)
3084 2388 3208 2441 non
3227 2377 3416 2442 totum
3447 2378 3693 2444 exemit.

135 2493 378 2553 derum
407 2483 486 2548 cf.
515 2483 618 2567 hy.
664 2482 801 2548 Cer.
834 2486 936 2549 67.
979 2488 1090 2556 τῆς
1117 2473 1341 2556 ἀδινὴν
1368 2473 1474 2542 ὄπ’
1500 2474 1753 2544 ἄκουσα
1780 2477 1860 2543 δί’
1895 2479 2144 2568 αἰθέρος
2178 2477 2572 2568 ἀτρυγέτοιο.

297 2599 442 2662 330.
474 2587 767 2674 ψολόεντι
795 2598 1072 2677 κεραυνῷ
1103 2589 1351 2668 (eadem
1381 2590 1570 2655 verba
1599 2614 1645 2653 ω
1676 2594 1849 2671 539).
1925 2590 2026 2675 Sp.
2063 2590 2335 2656 laudavit
2362 2591 2511 2656 Hes.
2544 2590 2641 2656 Sc.
2675 2595 2827 2672 422,
2871 2590 2977 2657 Th.
3011 2598 3152 2660 515.
3195 2593 3406 2660 Addas
3437 2595 3558 2681 frg.
3593 2598 3691 2662 ed.

135 2706 313 2773 oettl.
346 2709 447 2780 49,
490 2703 592 2787 hy.
637 2701 791 2766 Ven.
820 2704 968 2778 289,
1011 2700 1274 2764 batrach.
1307 2703 1452 2767 287.
1526 2698 1768 2765 Nullum
1796 2700 1978 2764 huius
2007 2700 2230 2765 radicis
2261 2720 2321 2764 v.
2352 2704 2449 2765 est
2478 2700 2638 2783 apud
2666 2698 2738 2764 Η.

286 2833 390 2879 vv.
425 2816 623 2880 334-
635 2810 754 2878 343
785 2809 861 2875 ad
892 2827 1075 2874 unum
1103 2809 1237 2874 fere
1267 2826 1479 2874 omnes
1508 2810 1750 2874 aliunde
1779 2815 1925 2875 sunt
1954 2810 2268 2892 depromti.

290 2928 434 2991 347.
478 2918 919 3007 χρυσόθρονον
944 2916 1299 3005 ἠριγένειαν.
1342 2918 1642 2982 Homerus
1673 2919 1808 2982 sive
1852 2918 2157 3002 antiquior
2185 2918 2436 3002 quilibet
2471 2923 2652 3003 poeta
2689 2917 3023 2986 adiecisset
3051 2919 3150 2995 ἠῶ.
3225 2920 3393 2989 Unus
3439 2926 3544 3008 qni
3571 2925 3689 2992 hue

135 3035 297 3100 meari
327 3037 530 3116 potest
557 3031 731 3095 locus
761 3053 805 3113 χ
839 3033 955 3097 197
987 3046 1048 3092 v.
1078 3026 1259 3104 ἡνίκα
1288 3034 1388 3092 est
1412 3035 1768 3113 suspectus,
1811 3028 2055 3094 delendi
2084 3035 2228 3094 sunt
2255 3029 2522 3094 fortasse
2552 3046 2653 3093 w.
2686 3052 2729 3113 χ
2756 3033 2875 3097 197
2891 3035 3107 3099 -199,
3321 3036 3332 3041 ’

292 3145 432 3210 348.
470 3138 549 3204 ἵν’
598 3135 996 3226 ἀνθρώποισι
1037 3136 1209 3225 φόως
1247 3136 1444 3225 φέροι.
1518 3137 1676 3204 Solis
1706 3138 1847 3205 luce
1888 3144 1951 3203 et
1979 3139 2254 3204 homines
2293 3144 2357 3203 et
2394 3137 2456 3204 di
2493 3139 2778 3204 fruuntur
2805 3144 2989 3223 atque
3021 3140 3397 3207 delectantur
3427 3144 3508 3209 cf.
3542 3150 3597 3209 T
3634 3155 3687 3229 1,

136 3311 137 3316 ,
174 3261 228 3334 1,
259 3258 348 3330 ε1,
375 3256 433 3314 Β
455 3254 559 3336 48,
586 3269 629 3332 γ
659 3256 716 3326 1,
736 3273 791 3352 ’μ
822 3252 966 3327 385,
996 3248 1144 3313 Hes.
1178 3247 1287 3312 Th.
1317 3252 1462 3326 372,
1491 3247 1593 3333 hy.
1627 3247 1750 3313 Soi.
1784 3251 1844 3317 8.
1933 3248 2337 3324 Quamobrem
2378 3248 2438 3315 h.
2472 3248 2511 3313 1.
2545 3248 2803 3314 deornm
2831 3248 2992 3315 nulla
3020 3250 3086 3315 iit
3114 3251 3369 3330 mentio,
3415 3255 3522 3337 qui
3548 3254 3687 3322 alibi

135 3379 390 3446 usquam
418 3377 542 3424 non
572 3356 1164 3423 commemorantur?

291 3474 433 3538 368.
480 3467 626 3533 ἔντε’
654 3465 872 3554 ἀρήια.
896 3465 1127 3552 τεύχεα
1158 3465 1401 3551 quidem
1431 3466 1592 3551 apud
1611 3466 1685 3531 Η.
1712 3469 2006 3532 vocantur
2033 3463 2239 3554 α’ρήια,
2269 3466 2390 3532 non
2418 3467 2563 3532 item
2590 3473 2772 3534 ἔντεα
2794 3467 2913 3533 nisi
2935 3467 2994 3534 1ι.
3020 3468 3055 3534 1.
3081 3474 3143 3533 et
3163 3470 3225 3533 in
3246 3469 3520 3538 Dolonea
3544 3479 3685 3544 408.

290 3584 434 3648 369.
477 3573 922 3665 ἐθωρήσσοντο
946 3578 1021 3640 δὲ
1045 3579 1277 3661 χαλκῷ.
1334 3575 1403 3641 In
1431 3575 1627 3641 tribus
1655 3577 1844 3642 rebus
1873 3575 2032 3641 haee
2060 3577 2137 3641 ab
2165 3577 2476 3642 homerico
2505 3595 2675 3642 more
2716 3577 3040 3645 verborum
3072 3577 3374 3647 differunt.
3435 3583 3685 3649 Primum

135 3693 248 3758 nim
291 3687 452 3754 nulla
483 3707 541 3752 v.
573 3691 636 3750 9.
679 3687 873 3752 forma
916 3687 1101 3752 habet
1129 3689 1548 3772 augmentum,
1602 3688 1691 3765 (B
1721 3690 1864 3755 526.
1899 3690 2052 3768 587,
2093 3691 2147 3751 Γ
2178 3691 2328 3768 347,
2370 3689 2424 3751 Δ
2454 3691 2608 3768 252,
2647 3690 2708 3753 Θ
2741 3695 2851 3769 54,
2889 3692 2946 3752 Λ
2977 3694 3130 3767 709,
3173 3694 3238 3752 Π
3268 3695 3420 3770 218,
3465 3696 3516 3756 Τ
3546 3692 3683 3774 329,

135 3804 328 3881 ῐ813)
372 3797 595 3864 deinde
640 3798 858 3863 dieitur
888 3796 1134 3880 quidem
1178 3815 1366 3883 saepe
1410 3796 1533 3864 sie:
1578 3793 1702 3861 σὺν
1741 3792 1996 3881 τεύχεσι
2036 3799 2121 3875 9.,
2163 3797 2466 3863 interdum
2496 3799 2674 3862 etiam
2700 3795 2954 3882 τεύχεσι
2980 3802 3070 3876 Sa,
3108 3818 3417 3884 nunquam
3443 3821 3596 3865 vero
3624 3807 3683 3864 Ξ.

135 3916 320 3995 αλκῷ,
365 3915 489 3973 tum
519 3924 733 3973 omnes
760 3908 942 3972 huius
971 3926 1032 3972 v.
1062 3906 1315 3988 formae,
1358 3906 1657 3991 siquidem
1686 3925 1798 3992 per
1825 3906 2194 3992 syllabarum
2225 3926 2405 3993 quam
2433 3915 2657 3973 vocant
2687 3909 3080 3993 quantitatem
3107 3909 3286 3985 licet,
3325 3914 3683 3988 postremum

135 4039 154 4087 ι
181 4037 366 4086 versu
393 4018 596 4084 locum
625 4023 863 4098 tenent,
907 4017 1001 4085 bis
1034 4022 1259 4084 tantum
1288 4011 1567 4095 medium,
1606 4017 1689 4082 ita
1718 4025 1786 4082 ut
1814 4035 2075 4085 caesura
2104 4036 2264 4102 quae
2293 4013 2466 4083 κατὰ
2503 4017 2731 4105 τρίτον
2759 4027 3072 4104 τροχαῖον
3110 4018 3366 4095 dieitur,
3409 4014 3683 4079 efficiatur

135 4134 174 4195 e
203 4134 344 4213 818,
386 4134 443 4194 'r
473 4132 654 4207 352)·
1421 4212 1631 4282 Altera
1659 4213 1879 4300 necyia
1911 4220 1987 4290 (ω
2021 4220 2144 4282 1-
2173 4218 2346 4292 202).

136 4344 209 4392 oc
249 4325 384 4391 loco
427 4324 665 4389 minime
708 4326 846 4408 apte
888 4322 1087 4406 posita
1129 4328 1246 4388 est.
1319 4319 1441 4387 lam
1484 4324 1643 4389 enim
1684 4323 1963 4413 protecto
2008 4325 2332 4394 metuimus
2362 4323 2551 4409 Ulixi,
2597 4342 2781 4408 quem
2820 4324 2898 4391 ad
2945 4318 3388 4408 gravissimum
3417 4318 3680 4384 omnm&

299 4498 350 4574 ι)
392 4457 462 4561 de
491 4498 775 4562 reticentia
801 4496 1041 4560 Homeri.
1086 4497 1365 4577 Gryphisv.
1398 4498 1497 4559 53.
3215 4573 3264 4634 2
