3825 5009
1906 162 1959 252 3

187 371 317 434 tum
345 365 685 432 Homerum
715 364 1044 450 diligenter
1071 364 1420 450 perlegere,
1460 365 1583 440 scd.
1606 371 1706 438 est
1745 379 1851 438 res
1894 364 2065 440 multi
2105 363 2333 438 laboris
2376 383 2495 436 nec
2533 381 2658 441 non
2699 366 3016 438 cuniada-
3043 364 3250 438 taodii.
3317 366 3451 435 Hoc
3478 365 3617 435 loeo

187 495 345 565 agna
375 475 796 560 exemplorum
823 475 1201 541 multitudine
1230 474 1595 560 paucissima
1623 475 1779 542 haec
1807 474 2117 542 delibasse
2145 482 2242 541 sat
2269 475 2404 542 erit.

329 803 415 871 At
442 808 606 884 sunt,
636 801 741 886 qui
770 801 1143 868 contendant
1163 804 1220 887 .¹)
1260 816 1375 867 nos
1404 800 1519 868 bac
1548 805 1821 870 extrema
1847 808 2020 888 parte
2047 803 2212 878 nullo
2239 802 2422 876 modo
2453 820 2670 872 carere
2697 820 2908 889 posse,
2932 802 3188 874 Laertae
3216 802 3399 874 toties
3427 804 3491 874 in
3519 804 3647 888 Od!

185 934 239 981 aa
270 914 403 980 fieri
431 914 821 993 mentionem,
864 917 934 977 ut
961 912 1038 977 ab
1069 929 1148 976 eo
1180 928 1428 995 quoque
1455 911 1661 980 ulixes
1691 919 2067 998 agnoscatur
2094 913 2175 982 sit
2201 913 2497 999 necesse}
2542 913 2756 982 anxios
2796 930 2911 980 nes
2938 912 3199 982 haerere
3236 913 3315 982 de
3343 914 3532 982 Ulixis
3563 932 3647 980 so1

185 1025 343 1092 nimis
381 1024 784 1090 ithacensium
824 1039 946 1087 non
984 1020 1345 1088 conciliatis.
1419 1022 1653 1097 Quibus
1696 1022 1779 1088 de
1805 1023 1996 1096 rebus
2038 1023 2184 1106 quid
2221 1023 2305 1088 sit
2340 1023 2747 1103 statuendum,
2795 1007 3129 1096 videamus.
3219 1022 3423 1106 Atque
3473 1023 3647 1107 prinu

185 1141 385 1212 aertes
416 1150 606 1217 saepe
636 1132 881 1216 quidem
911 1131 973 1195 in
1003 1131 1289 1216 Odyssea
1319 1136 1845 1210 commemoratur,
1883 1150 2189 1215 nunquam
2218 1137 2422 1198 nutem
2448 1137 2590 1198 ante
2618 1131 2832 1200 oculos
2860 1136 3110 1202 nostros
3138 1132 3513 1218 proponitur.
3574 1132 3647 1208 Q·

185 1261 315 1329 puS,
356 1242 705 1322 utillimis,
747 1241 852 1324 qui
878 1246 1022 1330 post
1050 1240 1267 1325 viginti
1295 1255 1490 1306 annos
1535 1240 1775 1308 tandem
1816 1241 1897 1308 ad
1937 1241 2203 1324 quietem
2245 1240 2521 1312 laborum
2560 1241 3090 1326 periculorumque
3131 1242 3441 1325 pervenit,
3493 1259 3647 1325 nosq

185 1373 274 1418 um
314 1370 394 1418 eo
426 1352 627 1418 denuo
659 1351 723 1416 in
752 1368 969 1436 agrum
998 1350 1076 1415 ad
1104 1365 1297 1415 novas
1327 1360 1568 1436 pugnas
1600 1350 2008 1435 abripiamur?
2062 1351 2299 1422 Deinde
2325 1369 2506 1435 quam
2545 1350 2751 1435 inepte
2779 1350 2935 1422 baec
2974 1350 3288 1420 rusticatio
3331 1368 3369 1420 a
3409 1356 3593 1436 poeta
3632 1353 3647 1418 i

185 1465 346 1530 tituta
390 1462 503 1543 sit,
542 1467 743 1527 tecum
783 1459 1166 1526 consideres.
1233 1461 1424 1536 Quam
1466 1460 1546 1526 ob
1575 1478 1707 1528 rom
1747 1477 1872 1530 non
1913 1461 2205 1528 remansit
2231 1460 2440 1530 Ulixes
2476 1460 2551 1556 5¹¹.
2575 1461 2794 1545 palatio
2833 1460 2997 1528 sno?
3040 1479 3184 1530 num
3224 1462 3484 1547 populus
3532 1477 3642 1545 pro

183 1570 350 1656 ivet‘?
397 1569 512 1649 (cf.
543 1593 596 1633 π
625 1575 748 1638 375
779 1576 953 1653 sqq.)
1011 1568 1253 1633 Minime
1284 1586 1464 1634 vero:
1508 1570 1730 1636 multos
1756 1570 1945 1655 igitur
1972 1570 2161 1638 Ulixis
2204 1588 2452 1638 causam
2480 1577 2807 1640 secuturos
2846 1570 3044 1638 fuisse
3081 1576 3348 1655 apparet.
3414 1572 3647 1638 Praeter

183 1684 315 1750 nuci
356 1684 585 1745 tantum
628 1680 800 1765 proci
829 1696 910 1743 ex
952 1678 1152 1743 lthaca
1195 1684 1368 1742 erant
1409 1678 1667 1746 oriundi.
1756 1678 1879 1752 Gur
1913 1679 2105 1763 igitur
2140 1680 2349 1748 Ulixes
2388 1680 2520 1748 suis
2556 1680 2827 1763 partibus
2866 1680 3119 1764 turpiter
3155 1679 3291 1750 fere
3325 1681 3590 1750 desertis
3627 1699 3647 1746 ι

183 1790 331 1858 etit?
403 1790 535 1855 Jam
565 1789 671 1872 qui
700 1788 820 1872 ipsi
846 1787 1135 1853 favebant
1162 1786 1401 1856 consilii
1427 1788 1642 1872 inopes
1687 1787 1972 1872 duceque
2000 1795 2304 1866 carentes,
2347 1789 2513 1872 quod
2544 1788 2734 1874 vulgo
2762 1789 2898 1856 fieri
2925 1788 3117 1867 solet,
3157 1789 3242 1856 nil
3281 1795 3576 1876 egerunt:
3623 1808 3647 1855 ε

184 1900 398 1970 ersarii
426 1903 638 1965 contra
667 1915 811 1964 eum
851 1898 987 1962 sine
1030 1897 1218 1961 dubio
1261 1897 1746 1981 oppressissent,
1788 1898 1907 1966 nisi
1938 1898 2094 1970 deus
2124 1914 2206 1964 ex
2231 1898 2526 1980 machina,
2567 1903 2635 1963 ut
2662 1899 2857 1975 aiunt,
2897 1916 3080 1982 opem
3105 1898 3370 1966 tulisset.
3425 1899 3647 1968 Postrei

184 2029 282 2077 um
310 2010 628 2095 prudentis
658 2014 758 2073 est
786 2007 1029 2073 domum
1058 2005 1360 2089 fidamque
1391 2024 1651 2076 uxorem
1677 2007 1841 2073 nullo
1879 2007 2189 2090 praesidio
2218 2008 2431 2074 relicto
2477 2007 2857 2080 inimicorum
2893 2007 3129 2078 iniuriis
3171 2008 3489 2076 obiicere?
3533 2026 3647 2076 non

183 2121 503 2197 mendum,
561 2135 643 2184 ne
688 2133 1018 2202 procorum
1067 2117 1385 2201 propinqui
1434 2116 1648 2182 surore
1689 2109 2041 2188 'inflammati
2093 2136 2132 2186 a
2172 2118 2474 2203 Penelopa
2528 2133 2761 2201 poenas
2805 2118 3126 2188 domestici
3176 2117 3496 2203 sanguinis
3541 2136 3647 2201 exp

183 2228 315 2296 ant?
384 2228 590 2312 Atque
631 2227 789 2292 haec
828 2225 1229 2311 imprudentia
1272 2225 1553 2292 tribuitur
1579 2225 1771 2303 Ulixi,
1814 2226 1919 2309 qui
1959 2227 2023 2293 in
2066 2227 2430 2296 carminibus
2469 2226 2531 2290 h.
2575 2244 2885 2309 nunquam
2918 2243 3042 2296 non
3070 2227 3250 2314 quasi
3288 2241 3559 2296 summae
3587 2244 3647 2310 p!

181 2340 387 2404 tentiae
415 2336 725 2423 exemplar
751 2336 1131 2423 proponitur!
1199 2335 1331 2402 Jam
1360 2335 1439 2401 ad
1466 2334 1752 2415 alterum,
1796 2336 1972 2420 quod·
2008 2335 2241 2415 dicunt,
2285 2337 2401 2402 erit
2427 2336 2950 2421 respondendnm
2991 2336 3111 2404 nisi
3138 2335 3555 2406 Ithaeensibus
3584 2335 3647 2404 Ul

181 2448 478 2524 nnciliatis
511 2447 854 2532 Odysseam
883 2446 1190 2513 terminari
1217 2462 1340 2512 non
1367 2462 1577 2530 posse.
1637 2445 1721 2522 At,
1748 2445 1932 2526 unde,
1975 2462 2232 2528 quaeso,
2274 2446 2393 2516 hoc
2422 2446 2757 2531 eolligunt?
2806 2447 2922 2514 Per
2949 2451 3135 2520 totam
3164 2445 3527 2531 odysseam,
3556 2465 3644 2514 un*

181 2557 391 2623 tuosve
416 2555 589 2628 locos
619 2556 672 2622 si
703 2557 1044 2641 exceperis,
1075 2573 1208 2621 eam
1238 2555 1660 2641 deprehendes
1691 2556 2036 2639 opinionem
2065 2556 2269 2644 procis
2311 2555 2649 2624 interiectis
2696 2574 2826 2624 rem
2867 2572 3014 2624 esse
3056 2562 3440 2624 transactam.
3512 2556 3645 2624 Pro«

182 2684 278 2731 um
305 2666 495 2751 igitur
524 2666 748 2732 caedes
778 2683 979 2751 usque
1009 2666 1411 2732 disertissime
1441 2671 1974 2746 commemoratur,
2015 2682 2315 2748 nusquam
2346 2683 2497 2734 vero
2534 2683 2740 2748 neque
2765 2664 2974 2732 Ulixes
3014 2670 3078 2731 et
3105 2665 3501 2738 Telemachus
3541 2684 3645 2747 nee

181 2776 414 2856 linerva
442 2775 479 2838 J
484 2776 845 2859 uppiterque
880 2793 1085 2859 neque
1114 2774 1417 2860 Penelopa
1443 2775 1799 2859 Helenaque
1833 2792 1914 2839 ne
1958 2774 2343 2859 suspicantur
2370 2773 2614 2855 quidem
2656 2773 2790 2838 fieri
2829 2790 3041 2856 posse,
3085 2779 3153 2839 ut
3191 2774 3257 2840 in
3297 2773 3484 2842 multo
3526 2777 3644 2842 mai

181 2903 333 2967 {uam
360 2885 524 2967 quod
551 2886 614 2949 in
639 2885 844 2969 procis
876 2881 1232 2954 occidendis
1260 2884 1577 2950 subierant
1607 2885 1772 2950 vitae
1806 2883 2155 2964 discrimen,
2198 2902 2234 2949 a
2264 2882 2622 2968 propinquis
2645 2883 3025 2963 occisorum,
3067 2898 3225 2965 quos
3254 2883 3317 2950 in
3345 2883 3626 2954 cubiculo

181 2994 358 3061 >lusos
379 2994 785 3080 aggrediendi
806 2993 968 3061 nulla
998 3001 1174 3061 esset
1199 2994 1476 3074 facultas,
1508 2992 1867 3062 Acrisiadae
1895 2999 2195 3068 vocentur
2210 2997 2284 3072 ¹).
2331 2993 2471 3060 Duo
2499 2997 2728 3064 tantum
2754 2992 2876 3062 loci
2903 2991 3182 3066 omnibus
3212 2993 3436 3062 ceteris
3467 2994 3645 3062 viden

181 3122 517 3190 epugnare.
584 3105 753 3170 Unus
799 3110 897 3170 est
932 3132 972 3168 υ
1015 3112 1126 3184 41,
1173 3104 1279 3170 ubi
1305 3104 1512 3170 Ulixes
1559 3104 1636 3168 ad
1676 3103 2008 3170 Minervam
2051 3101 2237 3172 haece
2280 3101 2448 3189 εἴπερ
2490 3099 2613 3190 γὰρ
2641 3102 2954 3190 κτείναιμι
2996 3108 3125 3183 (sc.
3167 3110 3425 3188 procos)
3481 3099 3631 3178 Διός

181 3211 332 3282 τέὲεν
358 3237 430 3278 τε
458 3211 651 3293 ἕκητι,
678 3224 767 3299 πῇ
796 3238 898 3280 κεν
924 3211 1507 3300 ὑπεκπροφύγοιμι,
1548 3209 1639 3277 τά
1665 3237 1738 3277 σε
1766 3208 2136 3298 φράζεσθαι
2161 3206 2393 3294 ἄνωγα.
2449 3212 2533 3286 At
2561 3233 2662 3279 vv.
2694 3218 2965 3282 41--43
2995 3220 3140 3282 suni
3165 3213 3429 3280 delendi.
3489 3214 3645 3289 Quot

181 3325 444 3406 ntiquior
469 3324 687 3407 aliquis
717 3328 900 3408 poeta
927 3323 1207 3404 fecisset,
1249 3324 1504 3392 eosdem
1532 3324 1668 3389 sine
1697 3323 1883 3392 dubio
1910 3321 2283 3392 homericum
2312 3338 2542 3389 morem
2563 3329 2819 3392 secutus
2848 3323 3030 3390 etiam
3051 3323 3263 3400 versui
3284 3327 3364 3392 33
3396 3321 3643 3392 adiecist

181 3429 337 3515 liter,
368 3433 444 3498 de
473 3451 598 3517 quo
628 3434 852 3519 agitur,
877 3435 1054 3500 locus
1078 3425 1182 3500 'est
1206 3433 1272 3500 in
1296 3433 1389 3500 rb.
1420 3439 1472 3516 ψ
1504 3437 1867 3511 117-122,
1910 3433 1973 3498 in
2002 3449 2184 3519 quem
2212 3433 2374 3498 idem
2412 3432 2547 3498 fere
2577 3434 2758 3511 valet,
2788 3433 3130 3502 eiiciast.
3167 3437 3496 3501 117-152
3540 3439 3606 3499 et
3638 3452 3643 3497 1

181 3544 333 3608 nullo
359 3542 575 3609 melius
613 3560 686 3609 se
714 3541 980 3609 habebit.
1054 3544 1270 3608 Procul
1306 3544 1492 3610 dubio
1543 3543 1604 3608 hi
1648 3537 1871 3610 versus
1917 3543 1992 3608 ab
2019 3542 2377 3609 Aristarcho
2420 3560 2669 3627 quoque
2711 3544 2958 3612 fuerunt
2996 3544 3214 3622 notati,
3260 3561 3444 3629 quum
3474 3551 3643 3612 extre

181 3650 470 3738 ldysseae
497 3658 669 3737 parte
701 3653 904 3722 deleta
930 3653 993 3720 hi
1021 3670 1244 3732 versus
1272 3652 1527 3720 retineri
1554 3657 1738 3737 atque
1767 3652 2018 3722 defendi
2045 3654 2290 3722 omnino
2318 3670 2444 3719 non
2468 3656 2726 3738 possint.
2783 3656 2920 3722 Huc
2946 3655 3206 3733 accedit,
3236 3656 3404 3739 quod
3431 3655 3566 3724 istis
3598 3674 3643 3719 v·

181 3761 318 3832 sibus
349 3762 604 3832 sublatis
633 3763 926 3836 liberatur
954 3763 1237 3851 Odyssea
1264 3763 1523 3834 consilio
1551 3764 1675 3832 isto
1702 3763 2019 3850 prudentis
2047 3762 2240 3836 Ulixis
2267 3762 2666 3851 ineptissimo,
2709 3783 2855 3852 quo,
2894 3765 3120 3836 caedes
3149 3782 3231 3836 ne
3258 3764 3519 3853 patefiat,
3560 3765 3643 3832 Te

354 4088 405 4166 ¹)
448 4090 688 4149 Nitzseh.
746 4091 894 4148 Erkl.
923 4094 1081 4151 Anm.
1113 4092 1179 4150 11.
1224 4110 1280 4168 p.
1310 4092 1520 4151 XXXV:
1566 4092 1748 4163 „nach
1787 4091 1887 4151 der
1908 4092 2153 4168 jetzigen
2181 4091 2391 4151 Gestalt
2429 4091 2526 4152 des
2557 4092 2846 4154 Gedichtes
2875 4093 2948 4152 ist
2975 4092 3063 4154 die
3090 4093 3246 4154 darin
3274 4091 3573 4167 begriffene
3602 4093 3641 4149 A

181 4174 403 4267 obnung
429 4175 528 4234 mit
557 4175 682 4234 dem
711 4173 879 4292 Y‘olke
908 4176 988 4234 als
1018 4176 1346 4238 verbereitet
1376 4177 1488 4236 und
1514 4176 1839 4238 wesentlich
1868 4195 1938 4236 zu
1968 4176 2307 4246 betraohten,
2354 4177 2466 4236 und
2496 4178 2637 4238 auch
2666 4178 2753 4236 die
2780 4176 3116 4253 Erkennung
3157 4176 3330 4238 durch
3359 4177 3581 4237 Laertes
3626 4195 3641 4235 t

181 4259 301 4334 'nem
331 4259 1034 4418 &Jhgrfelolzlegiffl-ssilss,
1080 4344 1246 4422 β45,
1292 4363 1331 4421 y
1361 4345 1503 4403 205.
1546 4346 1695 4413 223,
1740 4344 1782 4405 δ
1811 4347 1931 4405 333
1972 4364 2076 4422 sqq
2170 4365 2198 4403 ε
2228 4347 2326 4413 23,
2370 4366 2408 4408 ν
2438 4313 2587 4414 376,
2633 4343 2668 4418 ξ
2704 4345 2841 4406 110.
2878 4345 3024 4413 103,
3071 4366 3105 4406 o
3141 4346 3260 4406 1⁷4
3289 4363 3441 4422 sqq„
3489 4344 3607 4404 523
3638 4371 3640 4402 ³

181 4439 210 4480 vt
236 4427 309 4485 99
339 4444 421 4505 sq.
456 4426 595 4489 108.
628 4428 767 4498 393,
813 4450 850 4510 p
882 4429 959 4489 ⁷9
991 4445 1075 4507 sq.
1112 4429 1249 4491 159.
1284 4431 1421 4499 539,
1468 4451 1513 4491 o·
1545 4430 1662 4492 149
1692 4449 1797 4510 sq„
1841 4451 1887 4493 τ
1914 4431 1973 4493 2.
2007 4431 2149 4492 488.
2182 4432 2321 4491 550.
2356 4432 2495 4492 557.
2528 4431 2668 4500 580,
2713 4452 2752 4494 υ
2782 4431 2882 4494 28.
2904 4432 3065 4501 ‚2250
3098 4430 3219 4496 233
3248 4447 3371 4509 sqq·
3404 4429 3544 4491 368·
