3825 5009
1743 253 1843 335 19

41 463 45 525 :
85 463 236 535 117)
267 478 324 523 v.
356 459 653 544 ἐπιβρίθω
679 460 796 524 vim
826 457 1195 525 transitivum
1227 458 1490 522 vindicat
1521 463 1775 535 („wenn
1807 459 1905 523 die
1935 455 2358 523 Jahrcszeiten
2391 460 2489 523 die
2520 457 2801 524 Trauhen
2832 438 3553 547 geschwellthaben‘O„
3708 540 3711 547 ἶ

192 571 495 634 versuum
526 559 814 636 345-50
859 570 1125 653 quinque
1164 570 1280 631 iam
1320 567 1448 631 aliis
1478 566 1630 632 locis
1664 567 1973 653 leguntur,
2019 586 2205 633 unum
2236 573 2429 646 (348)
2475 575 2686 634 noster
2718 570 2945 635 addidit
2989 578 3049 636 at
3089 573 3151 636 in
3182 592 3258 638 eo
3289 575 3422 656 ipso
3455 592 3595 637 cum
3708 558 3712 644 ζ

42 675 60 747 ¹.
96 682 422 764 discrepat.
491 679 563 743 H.
598 680 753 742 enim
785 699 843 744 v.
877 673 1333 761 ἄποψύχεσὲιαι
1376 676 1655 752 (formam
1699 678 1954 742 activam
1984 695 2105 742 non
2135 680 2443 766 reperies)
2492 697 2731 763 semper
2770 682 3087 766 coniungit
3128 702 3265 747 cum
3302 678 3596 749 substan-
3712 715 3715 727 2

41 810 117 857 vo
152 787 353 877 ἱδρώςε
385 790 535 875 ἱδρῶ
563 785 996 871 ἀπεψύχοντο,
1026 788 1176 874 ἱδρῶ
1205 786 1602 869 α’ποψυχθείς
1627 786 1689 850 id
1722 793 1845 850 est:
1888 788 2210 866 sudorem,
2242 789 2505 852 membra
2547 787 3014 873 refrigerabant.
3082 793 3309 858 Eadem
3337 794 3471 858 fere
3502 802 3598 859 est

41 903 91 965 is
135 920 195 963 v.
227 894 595 981 ἀναψύχειν,
636 892 1099 980 ἀναψύχεσὲαι.
1145 896 1276 960 Ηοο
1319 902 1521 960 autem
1561 895 1702 962 loco
1745 904 1871 961 est:
1916 892 2271 981 ἀποψιέχειν
2313 899 2505 963 anima
2537 897 2836 981 deficere,
2881 902 3077 967 animo
3117 902 3308 987 linqui
3358 904 3592 986 (ὀλιγη-

41 1007 246 1085 ·ελε’ων,
276 1004 746 1091 ὀλγοδρανέων).
1523 1077 1538 1096 ·
3722 1092 3725 1095 ἢ

200 1121 342 1185 358.
390 1122 531 1184 361.
576 1121 719 1183 362.
786 1114 960 1180 Eust.
1010 1121 1204 1184 1964:
1260 1115 1671 1203 πολυωνυμία
1702 1117 1770 1180 δὲ
1809 1118 1917 1179 καὶ
1958 1120 2246 1182 ενταῦθα
2295 1120 2403 1180 καὶ
2440 1115 2565 1203 πρὸ
2605 1117 2853 1183 τούτων
2898 1120 3067 1190 οἴκου
3111 1125 3215 1185 καὶ
3257 1121 3453 1209 δόμου
3492 1127 3600 1187 καὶ

41 1227 306 1313 ώματος.
372 1227 542 1302 Quae
572 1225 816 1309 quidem
843 1226 1112 1290 varietas
1157 1226 1297 1289 inde
1329 1232 1426 1290 est
1456 1232 1620 1303 orta,
1664 1226 1831 1309 quod
1860 1226 1985 1312 *hos
2016 1244 2240 1292 versus
2270 1245 2394 1292 non
2424 1229 2559 1311 ipse
2601 1229 2747 1292 fecit
2787 1230 2902 1306 (cf.
2934 1254 2972 1312 γ
3002 1235 3143 1311 387,
3174 1258 3208 1318 ρ
3242 1236 3368 1314 85).
3433 1232 3600 1298 Idem

41 1335 103 1400 le
131 1336 302 1400 Eust.
346 1335 558 1399 eadem
597 1336 733 1400 sine
778 1335 960 1399 dubio
1001 1337 1079 1399 de
1122 1353 1310 1400 causa
1347 1335 1413 1398 Il.
1460 1336 1548 1399 rh.
1578 1340 1640 1399 Ω
1678 1342 1991 1420 auctorem
2029 1336 2375 1418 laudasset,
2417 1336 2561 1402 licet
2589 1338 2643 1403 is
2674 1337 2925 1404 Achillis
2957 1343 3284 1404 tentorium
3313 1342 3598 1406 versibus
3728 1410 3731 1413 ,

44 1446 410 1528 ndccunque
442 1446 735 1509 desumtis
765 1446 845 1509 ita
879 1444 1210 1525 describat,
1257 1452 1323 1509 ut
1352 1445 1532 1510 modo
1565 1447 1884 1510 tentorium
1913 1445 2095 1511 modo
2128 1447 2369 1512 domum
2399 1446 2578 1509 modo
2619 1449 2850 1532 regiam
2884 1450 3326 1515 ornatissimam
3358 1458 3418 1514 te
3447 1467 3600 1515 con-
3730 1526 3733 1533 ἶ

41 1557 245 1640 picere
274 1560 450 1639 putes
487 1553 600 1632 (cf.
634 1543 695 1617 Ω
726 1558 869 1636 448,
898 1560 1042 1633 452,
1074 1559 1217 1635 471,
1249 1560 1391 1633 512,
1425 1560 1567 1637 569,
1599 1560 1743 1637 572,
1787 1560 1931 1637 596,
1966 1562 2110 1635 644,
2143 1561 2286 1633 647,
2317 1560 2462 1636 673,
2492 1562 2669 1634 675).
3730 1535 3733 1547 ³

209 1670 348 1732 366.
392 1664 580 1727 Recte
612 1664 710 1747 Sp.
749 1681 871 1727 non
913 1664 1087 1748 plane
1117 1665 1556 1749 negligendum
1600 1684 1747 1729 esse
1778 1672 2025 1746 censet,
2074 1667 2276 1749 „quod
2305 1682 2428 1729 non
2460 1673 2965 1731 commemoretur
3003 1666 3473 1754 οἱναγνωρισμός
3506 1692 3604 1743 τις
3732 1655 3735 1663 ²

42 1794 162 1839 nus
190 1773 645 1854 illius‘Siculae,
689 1791 847 1856 quae
876 1791 1079 1857 neque
1110 1775 1320 1838 mirata
1350 1793 1553 1859 neque
1585 1775 1800 1859 gavisa
1830 1781 1929 1839 est
1958 1775 2037 1841 de
2065 1776 2266 1840 reditu
2294 1772 2544 1837 Ulixis.“

205 1889 348 1951 375.
394 1883 672 1969 Λαέρτης
700 1882 1099 1969 πεπνυμένος.
1143 1883 1209 1947 In
1241 1884 1374 1964 Od.,
1400 1884 1518 1948 nisi
1549 1882 1740 1964 fallor,
1776 1890 2022 1969 praeter
2050 1884 2479 1949 Telemachum
2508 1902 2687 1949 nemo
2719 1885 2835 1948 hoc
2869 1885 3133 1969 epitheto
3167 1893 3437 1969 ornatur,
3464 1887 3604 1971 plu-

41 2012 111 2059 es
143 1995 204 2058 in
230 1993 293 2057 ll.
3563 1984 3573 1990 ’

210 2107 354 2170 386ῖ
404 2102 527 2166 ἕνθ’
566 2106 626 2164 οἱ
656 2102 764 2187 μὲν
793 2103 1019 2187 δείπνῳ
1050 2102 1407 2188 ἐπεχείρεον.
1441 2101 1520 2165 cf.
1557 2107 1679 2169 395
1711 2099 2130 2188 ἐπιχειρήσειν.
2163 2102 2472 2190 ἐπιχειρέω
2512 2123 2569 2167 v.
2602 2104 3066 2177 recentissimae
3097 2105 3372 2189 originis.
3428 2106 3609 2170 Anti·
3740 2140 3743 2185 f

41 2215 193 2294 [uior
221 2211 467 2295 quilibet
495 2216 674 2295 poeta
704 2230 952 2276 versum
985 2204 1632 2276 illum‘usitatissimum
1678 2209 2056 2275 adhibiturus
2101 2210 2353 2275 fuisset:
2400 2216 2456 2272 οἱ
2489 2211 2640 2273 δ’ἑπ’
2680 2210 2918 2304 dvcta&
2960 2216 3183 2298 ἑτοῖμα
3241 2214 3611 2299 προκείμενα
3742 2270 3745 2273 .

41 2334 219 2406 ςεῖρας
247 2320 486 2384 ἴαλλον.
3744 2376 3747 2407 1

217 2434 357 2498 386.
400 2429 766 2515 ἀγχίμολον.
834 2430 1101 2513 Reputes
1134 2436 1368 2509 tecum,
1414 2448 1594 2511 quam
1623 2428 1921 2511 frequens
1966 2429 2029 2492 in
2055 2427 2171 2492 hac
2202 2435 2473 2493 extrema
2504 2429 2616 2495 Od.
2657 2435 2827 2513 parte
2858 2430 2938 2493 sit
2967 2429 3326 2494 vocabulum
3356 2429 3616 2514 ἀγχίμο-
3746 2478 3749 2481 .

41 2565 150 2616 ον,
183 2542 257 2620 (ω
291 2543 388 2619 19,
417 2544 518 2620 99,
547 2538 689 2620 386,
721 2543 863 2616 439,
896 2544 1078 2616 502.)
1112 2539 1298 2622 quod,
1342 2539 1498 2603 hanc
1525 2539 1618 2604 rh.
1648 2540 1702 2603 si
1736 2539 2082 2622 exceperis,
2126 2539 2424 2604 undecies
2454 2539 2869 2605 tantummodo
2901 2539 3060 2623 apud
3093 2539 3191 2617 11„
3237 2537 3432 2603 semel
3460 2535 3622 2621 apud
3748 2580 3751 2583 -

41 2648 353 2713 lesiodum
386 2648 513 2725 (Sc.
550 2654 706 2725 325)
739 2648 950 2712 habes.
1008 2647 1212 2713 Simile
1243 2649 1524 2731 quiddam
1555 2650 1616 2712 in
1645 2648 1711 2712 ll.
1745 2666 1991 2732 quoque
2022 2648 2113 2711 rh.
2149 2650 2373 2732 spuriis
2407 2655 2503 2712 est
2534 2648 2778 2713 sactum.
2827 2647 2892 2712 ln
2923 2648 3013 2712 rh.
3046 2648 3098 2711 Κ
3128 2648 3623 2732 frequentissima
3750 2658 3753 2675 ²

42 2765 165 2823 :unt
191 2777 323 2822 vv.:
366 2758 664 2835 ποικίλος,
696 2756 984 2844 μέρμερα,
1015 2752 1217 2821 νύκτα
1246 2756 1317 2819 δι’
1359 2756 1693 2843 ὀρφναίην,
1723 2759 1784 2821 in
1813 2759 1904 2820 rh.
1937 2760 1998 2819 Ω
2030 2754 2193 2840 γόος,
2224 2756 2360 2832 eoem,
2391 2755 2561 2818 ἐλεέω
2593 2753 2903 2838 ἐύτροχος.

215 2871 354 2935 394.
385 2862 677 2951 θάμβευς.
742 2866 923 2951 Apud
952 2867 1025 2931 H.
1054 2867 1233 2929 huius
1264 2886 1321 2929 v.
1354 2873 1452 2930 est
1480 2867 1881 2930 nominativus
1914 2866 1976 2929 in
2005 2864 2264 2929 formula
2292 2864 2418 2928 illa:
2462 2860 2702 2948 θάμβος
2732 2864 2891 2947 δ’ἔχε
2922 2871 3093 2947 (ἔχει,
3132 2864 3272 2944 ἕλε)
3304 2862 3624 2951 εἰσορόων-

41 3001 137 3052 ι-ας
167 2974 450 3056 (πάντας
480 2971 761 3053 ἰδόντας,
794 2971 1142 3058 Ἀχαιούς).
1204 2974 1510 3039 Consimili
1549 2975 1784 3039 ratione
1814 2992 1917 3036 vv.
1949 2968 2101 3055 ἄγη,
2131 2971 2381 3059 τρόμος,
2412 2971 2594 3056 σέβας
2622 2975 2743 3038 nisi
2777 2975 2840 3038 in
2871 2973 3088 3038 eadem
3124 2972 3259 3037 fere
3299 2975 3626 3037 verborum

41 3069 446 3151 :oniunctione
476 3103 599 3149 non
628 3091 1018 3171 usurpantur,
1064 3103 1164 3149 vv.
1198 3080 1377 3171 κόρος
1404 3080 1641 3170 κόμπος
1685 3083 1881 3147 solum
1909 3082 2361 3159 nominativum,
2405 3086 2629 3168 θαῦμα
2657 3082 2847 3168 δέμας
2876 3081 3051 3167 φύζα
3093 3082 3521 3146 nominativum
3566 3088 3630 3145 ct

41 3196 455 3266 accusativum.
500 3214 558 3261 v.
592 3204 780 3279 χῆτος
810 3194 1005 3259 solum
1036 3194 1300 3258 dativum
1330 3212 1592 3277 eumque
1622 3211 1866 3277 semper
1894 3194 1956 3255 in
1985 3193 2176 3276 primo
2206 3210 2429 3256 versus
2462 3192 2620 3275 pede
2651 3193 2914 3276 positum
2941 3192 3243 3255 invenies.

221 3309 366 3372 398.
406 3304 732 3379 Ὀδυσεῦς.
765 3305 861 3369 hic
893 3305 1220 3389 genetivus
1254 3303 1578 3367 verborum
1611 3303 1671 3365 in
1703 3297 1799 3376 εύς
1829 3301 2232 3365 desinentium
2262 3318 2386 3365 non
2418 3308 2516 3365 est
2543 3301 2910 3367 homericus.
2947 3300 3023 3365 cf.
3055 3299 3369 3363 Thiersch'.
3405 3317 3500 3383 gr.
3538 3316 3633 3382 gr.

41 3425 59 3492 ἰ
96 3420 241 3496 194,
274 3421 376 3495 45,
407 3433 441 3477 c
471 3418 529 3480 3.
1937 3413 1938 3418 ’
2797 3463 2803 3468 .

224 3528 369 3591 402.
419 3518 563 3586 οὖλε
591 3520 651 3585 ἁ.
685 3523 726 3585 ε’.
761 3521 994 3600 (Eust.)
1028 3521 1106 3586 cl.
1138 3523 1238 3605 hy.
1271 3522 1387 3604 Ap.
1420 3526 1565 3589 466.
1600 3514 1746 3583 οὖλέ
1773 3542 1847 3581 τε
1875 3521 1984 3582 καὶ
2015 3517 2174 3604 μέγα
2203 3531 2407 3605 χαῖρε,
2436 3519 2576 3579 θεοὶ
2605 3517 2671 3578 δέ
2702 3542 2807 3578 τοι
2840 3513 3025 3597 ὄλβιοι
3054 3517 3238 3575 δοῖεν.

224 3636 370 3700 408.
417 3625 632 3695 Dolius
667 3637 842 3695 antea
871 3625 1135 3696 nondum
1166 3629 1555 3695 consederat.
1622 3631 1757 3707 Qua
1790 3629 1869 3693 de
1898 3648 1971 3694 re
2001 3646 2190 3715 supra
2220 3629 2328 3714 egi
2371 3632 2464 3708 (p.
2514 3619 2610 3701 5).

226 3747 372 3808 409.
418 3734 493 3817 ὣς
521 3736 805 3817 δἀὗτως.
839 3749 1193 3825 exspectas:
1237 3740 1337 3804 mii
1366 3739 1531 3810 Dolii
1559 3739 2003 3805 consederunt.
2455 3797 2468 3804 -

229 3856 374 3918 413.
422 3851 630 3915 Funus
661 3869 1017 3936 procorum,
1063 3850 1278 3914 concio
1318 3849 1731 3914 Ithacensium
1774 3853 2159 3915 413-477,
2227 3846 2435 3909 Funus
2485 3860 2848 3927 procorum,
2898 3837 2973 3903 ad
3017 3835 3185 3919 quod
3231 3830 3663 3914 necopinantes

41 3963 327 4041 lucimur,
370 3961 618 4026 brevius
650 3981 835 4044 quam.
859 3981 937 4025 ex
967 3978 1134 4024 more
1166 3960 1479 4042 epicorum
1510 3966 1814 4024 narratur.

229 4075 376 4137 413.
424 4069 585 4134 Ossa
615 4070 785 4134 Jovis
817 4076 914 4134 est
941 4075 1120 4151 atque
1151 4087 1184 4131 a
1215 4088 1375 4134 vano
1406 4070 1713 4135 hominum
1744 4085 1994 4132 rumore
2013 4066 2246 4166 diserte
2281 4070 2344 4126 et
2373 4062 2546 4145 planc
2581 4058 2939 4146 seiun‘gitur
2972 4058 3046 4134 (α
3076 4055 3220 4132 282,
3262 4052 3297 4133 β
3327 4051 3506 4123 216),
3537 4045 3594 4109 h.
3628 4042 3668 4106 l·

41 4182 201 4245 iliter
232 4198 309 4244 se
335 4195 441 4243 res
469 4178 672 4244 babet.
719 4178 796 4242 cf.
828 4178 973 4241 Hes.
1004 4176 1237 4262 Theog.
1272 4183 1388 4245 701
1425 4178 1519 4255 ἥδ’
1550 4172 1782 4242 οὔασιν
1815 4171 2026 4240 ὄσσαν
2056 4174 2350 4237 ἀκοῦσαι.

228 4294 378 4355 415.
424 4286 775 4352 Ithacenses
806 4303 926 4349 non
955 4286 1237 4350 videntur
1264 4287 1491 4371 mirari,
1520 4288 1690 4371 quod
1721 4291 1783 4351 in
1812 4288 1991 4372 regia
2023 4264 2325 4348 neminem
2355 4278 2690 4358 inveniant,
2722 4274 2808 4338 nil
2841 4273 3009 4341 addit
3042 4274 3221 4355 poeta
3252 4267 3329 4331 de
3360 4260 3673 4343 Penelopa.

41 4401 117 4463 &n
149 4399 254 4464 illa
287 4398 491 4463 divino
521 4414 735 4461 somno
767 4396 1078 4478 consopita
1110 4395 1304 4460 luisse
1335 4404 1435 4459 est
1466 4395 1893 4463 existimanda.

230 4513 380 4573 416.
426 4515 648 4590 μυχμῷ
676 4503 734 4569 ἀ.
766 4507 813 4566 ἑ.

3195 4587 3286 4650 Βῧ
