3825 5009
1865 196 1961 276 11

131 397 203 476 ἢν
239 398 527 486 ἑσπέραν
550 398 951 485 ἐστραμμένα
977 399 1170 476 αὐτῆς
1197 401 1605 466 λευκαινεται.
1679 402 1850 475 Quae
1878 413 1985 462 res
1997 399 2153 463 utut
2182 413 2255 462 se
2283 378 2493 479 habet,
2533 398 2693 461 inter
2722 415 2934 464 omnes
2967 404 3205 463 constat
3231 399 3346 464 hos
3379 418 3479 465 vv.
3513 400 3587 464 ab
3620 418 3692 465 ea

131 527 254 574 uae
285 509 360 573 H.
395 516 516 590 est,
555 497 886 573 inferorum
915 510 1124 575 notitia
1153 511 1532 593 scientiaque
1560 485 1923 594 longissime
1953 508 2305 573 abhorrere.
2364 507 2431 572 In
2473 507 2563 572 rh.
2591 534 2647 587 κ,
2685 510 2744 584 λ,
2787 507 2892 572 ubi
2919 508 3108 573 Ulixis
3153 509 3230 573 ad
3266 507 3497 574 inferos
3536 511 3697 574 navi-

131 621 262 684 atio
298 613 619 704 copiosius
649 626 946 698 narratur,
984 637 1187 704 neque
1226 620 1409 684 huius
1449 621 1626 700 saxi,
1669 636 1872 702 neque
1918 617 2067 683 solis
2112 623 2420 702 portarum
2462 621 2666 701 neque
2710 615 2915 703 populi
2959 620 3331 683 somniorum
3374 620 3596 683 mentio
3609 605 3693 682 iit

131 728 286 794 [ulta
320 730 707 813 disputarunt
737 729 850 793 viri
881 729 981 797 dd.
1014 729 1090 793 de
1118 729 1403 795 Leucade
1431 736 1625 813 petra,
1667 747 1787 813 qua
1814 728 2179 793 Britanniam
2206 727 2555 805 Barnesius,
2599 727 2699 812 Sp.
2734 719 3042 793 columnas
3073 728 3353 793 Herculis
3384 728 3696 813 significat

131 840 401 922 uspicati
430 845 591 903 sunt.
658 840 791 914 Qua
817 839 880 902 in
909 857 979 903 re
1008 840 1223 904 nescio
1255 858 1331 903 an
1361 841 1423 904 in
1452 855 1592 904 eum
1619 839 1940 903 inciderint
1970 855 2270 919 errorem,
2313 855 2434 921 quo
2463 821 2768 919 tenentur,
2812 838 3159 921 quicunque
3188 856 3420 903 summa
3452 855 3589 904 cum
3615 840 3697 902 in-

131 948 341 1013 astria
376 965 644 1027 „cursus
677 945 933 1031 duplicis
962 966 1073 1032 per
1101 967 1269 1013 mare
1297 948 1527 1013 Ulixei&
1574 950 1635 1013 in
1679 948 1898 1014 tabulis
1946 947 2376 1033 geographicis
2410 948 2764 1033 depingunt.
2828 946 2963 1011 Non
2997 925 3567 1030 estquaerendum,
3611 948 3696 1012 ub¹

132 1058 512 1122 abitaverint
540 1059 868 1140 Phaeaces,
916 1074 1075 1141 quos
1106 1060 1239 1143 ipse
1270 1064 1449 1142 poeta
1479 1060 1557 1123 de
1586 1059 1882 1124 industria
1910 1057 2156 1122 videtur
2190 1057 2555 1137 occultasse,
2596 1054 2726 1121 non
2751 1058 3166 1141 quaerendum
3196 1057 3516 1141 CyclopeS‚
3561 1076 3697 1142 gre-

131 1186 219 1248 fes
252 1167 440 1249 Solis,
482 1167 964 1253 Laestrygones,
1008 1168 1201 1249 Circa,
1245 1169 1507 1253 Calypso
1537 1187 1689 1252 quas
1717 1170 2013 1255 regiones
2043 1167 2423 1234 incoluerint.
2494 1168 2586 1232 De
2617 1168 2896 1233 omnibus
2937 1168 3233 1232 eiusmodi
3277 1168 3464 1231 rebus
3494 1171 3697 1250 poetae

131 1278 181 1342 til
210 1279 337 1343 nisi
367 1278 692 1344 obscuram
722 1279 1019 1362 quandam
1050 1278 1285 1360 famam,
1313 1279 1775 1344 Phoeniciorum
1808 1278 2076 1345 fortasse
2104 1283 2423 1343 nautarum
2452 1276 2710 1370 fabulas,
2741 1284 3140 1362 acceperunt3
3170 1278 3245 1342 iis
3277 1284 3502 1341 certam
3530 1282 3697 1358 atque

132 1394 398 1452 >tatntam
428 1389 488 1452 in
515 1388 669 1453 orbe
695 1377 997 1454 terrarum¹
1025 1388 1236 1454 sedem
1267 1389 1537 1454 tribuere
1567 1405 1769 1473 neque
1812 1388 2143 1454 voluerunt
2182 1406 2386 1472 neque
2428 1395 2777 1473 potuerunt.
2845 1388 3158 1453 Eiusmodi
3196 1406 3347 1452 vero
3390 1403 3493 1451 res
3526 1404 3697 1450 accu-

131 1499 303 1565 atius
335 1499 702 1583 perscrutari
732 1499 972 1563 solenni
997 1498 1097 1564 illa
1127 1503 1406 1563 vetamur
1431 1498 1687 1564 formula
1717 1501 1983 1585 ἐννῆμαρ
2013 1494 2296 1586 φερόμην
2326 1506 2377 1573 (ι
2407 1502 2537 1574 82),
2582 1516 2702 1585 qua
2732 1502 2966 1562 certum
3002 1497 3305 1581 quendam
3337 1496 3570 1560 dierum
3597 1514 3697 1560 nu-

131 1627 340 1674 aerum
373 1610 663 1673 constitui
684 1609 815 1672 veri
846 1608 1039 1673 simile
1069 1627 1192 1674 non
1223 1627 1371 1674 esse
1402 1609 1662 1675 videtur.
1697 1646 1777 1660 -
1807 1611 2007 1693 δῆμον
2046 1607 2311 1693 ὀνείρων.
2341 1601 2562 1702 noster
2584 1607 2918 1700 Hesiodum
2950 1607 3093 1685 (Th.
3127 1611 3246 1673 758
3278 1611 3415 1689 sq,)
3461 1613 3697 1671 secutae

131 1735 167 1783 a
200 1721 333 1784 orei
359 1719 580 1784 finibus
611 1707 950 1798 collocavit,
983 1736 1059 1783 eo
1089 1718 1354 1784 fortasse
1385 1719 1661 1800 consilio,
1705 1725 1773 1783 ut
1800 1717 2153 1801 symbolice,
2197 1723 2266 1781 ut
2294 1718 2477 1798 aiunt,
2507 1717 2763 1782 doceret
2788 1709 2903 1784 nos
2937 1717 3303 1782 dormientes
3333 1722 3516 1799 atque
3545 1732 3697 1780 som·

131 1831 348 1895 uiantes
375 1831 439 1894 in
463 1831 631 1894 vitae
661 1830 994 1911 mortisque
1024 1830 1199 1912 quasi
1231 1830 1491 1894 confinio
1523 1829 1781 1894 versari.
3159 1843 3166 1848 ·

308 1939 535 2016 ἠελίοιο
565 1936 784 2014 πύλας.
829 1939 952 2021 Sol,
982 1955 1222 2020 aurora,
1252 1940 1465 2004 stellae
1489 1939 1649 2022 apud
1669 1939 1742 2004 H.
1767 1938 2073 2023 prodeunt
2105 1955 2184 2002 ex
2213 1953 2470 2020 oceano,
2490 1938 2754 2004 redeunt
2772 1939 2834 2003 in
2859 1953 3152 2003 oceanum
3165 1940 3221 2016 ¹)
3245 1937 3467 2017 Η421,
3497 1938 3556 2000 Θ
3578 1939 3697 2003 485

131 2055 159 2115 Β
189 2056 335 2128 239,
360 2045 543 2131 240,
567 2055 624 2112 Τ
657 2056 714 2127 1,
757 2070 799 2131 γ
831 2057 886 2130 1,
926 2075 973 2111 τ
999 2055 1153 2128 433,
1197 2055 1248 2131 ψ
1276 2056 1430 2128 244,
1476 2054 1656 2128 347).
1722 2048 1951 2113 Noster
1992 2053 2195 2112 autem
2221 2048 2438 2115 horum
2469 2041 2758 2114 versuum
2805 2065 3402 2131 memorsecumque
3430 2052 3697 2130 reputant

131 2157 344 2225 Deeani
372 2161 585 2225 sedem
613 2177 762 2224 esse
794 2161 895 2223 ἐπὶ
924 2160 1178 2245 πείρασι
1206 2162 1380 2242 γαίης
1412 2161 1501 2237 (Ξ
1530 2164 1676 2237 201,
1707 2164 1879 2238 301),
1925 2176 2185 2223 aurorae
2213 2176 2365 2221 vero
2396 2157 2654 2222 choreas
2694 2156 2967 2240 solisque
3000 2164 3169 2221 ortus
3202 2158 3276 2221 ab
3307 2158 3396 2222 H.
3413 2159 3474 2220 in
3507 2155 3697 2220 Circa«

131 2272 311 2338 asula
340 2280 416 2356 (μ
442 2276 517 2352 4)
542 2268 607 2334 id
639 2274 738 2334 est
773 2270 1152 2334 occidentem
1192 2269 1419 2335 versus
1461 2268 1777 2348 collocari,
1829 2267 2023 2333 solem
2070 2268 2266 2350 ipsum
2306 2265 2383 2330 ad
2421 2266 2550 2330 0ιοί
2590 2265 2744 2331 fines
2788 2268 2849 2330 in
2889 2266 3108 2350 palatio
3152 2266 3300 2331 fecit
3338 2266 3697 2331 habitantem

131 2400 199 2447 ex
228 2381 403 2447 cuius
432 2383 608 2465 porta
637 2377 910 2461 quotidie
935 2397 1133 2457 mane,
1152 2389 1363 2443 curru
1379 2382 1434 2455 2)
1463 2379 1698 2464 opinor,
1741 2378 2091 2442 veheretur.

328 2487 855 2557 vv.14—-22.ad
883 2505 1068 2555 unum
1097 2489 1233 2555 rere
1261 2504 1473 2555 omnes
1504 2490 1564 2553 in
1596 2475 1782 2573 prima
1811 2489 2030 2572 necyia
2055 2486 2366 2573 leguntur.

338 2606 435 2667 15.
476 2599 745 2663 incidunt
796 2601 1029 2665 animae
1077 2617 1401 2683 procorum
1452 2600 1515 2663 in
1550 2597 1868 2666 Achillem.
1961 2597 2045 2663 At
2082 2616 2164 2662 ex
2200 2618 2261 2661 v.
2299 2599 2380 2665 99
2422 2601 2670 2680 apparet
2718 2601 2843 2660 tum
2893 2595 3134 2661 demum
3172 2593 3538 2661 Mercurium
3587 2613 3697 2661 cun

131 2703 333 2797 procis
353 2710 723 2775 accessisse.
778 2709 915 2786 Qui
923 2710 1045 2774 loci
1075 2702 1382 2794 quomodo
1412 2711 1575 2772 inter
1603 2726 1675 2774 se
1703 2709 1942 2794 possint
1968 2708 2296 2787 conciliari,
2334 2723 2458 2770 non
2489 2706 2691 2787 video,
2733 2705 2852 2771 nisi
2882 2707 3019 2788 quis
3051 2705 3197 2772 vel
3179 2724 3242 2771 ιιι
3270 2706 3386 2771 hac
3416 2705 3697 2772 recentis·

131 2822 270 2885 sima
300 2820 413 2886 Od.
446 2825 617 2905 parte
646 2838 745 2884 vv.
784 2826 938 2886 15-
947 2824 1028 2887 98
1061 2819 1356 2885 delendos
1389 2836 1535 2884 esse
1566 2823 1838 2914 censeat.

325 2935 420 2997 19.
466 2928 677 2994 similis
709 2947 765 2993 v.
793 2934 858 2993 Π
886 2934 1031 2997 644.
1077 2935 1289 2995 nostro
1319 2928 1457 2993 loco
1490 2948 1546 2993 v.
1579 2917 1656 3002 ὥς
1683 2926 1788 2992 vix
1817 2924 2104 3007 explicari
2134 2928 2359 3007 potest.

320 3044 608 3107 24-97,
664 3035 1026 3105 Rectissime
1070 3039 1148 3103 de
1185 3039 1305 3103 hoc
1345 3038 1648 3121 colloquio
1691 3035 1801 3101 Ar.
1843 3034 2159 3101 iudicavit:
2202 3027 2461 3118 ἄκαιρος
2501 3033 2609 3096 καὶ
2652 3031 2686 3108 ἡ
2725 3031 3058 3116 Ἀχιλλέως
3102 3034 3209 3095 καὶ
3253 3031 3696 3118 Ἀγαμέμνονα

131 3147 353 3235 ὁμιλία.
397 3148 508 3213 Cui
535 3150 756 3233 lyticus
782 3150 1021 3233 quidam
1043 3145 1400 3234 respondet:
1430 3142 1728 3232 εὔκαιρος,
1758 3144 2113 3230 ἀναπληροῖ
2131 3139 2254 3229 γὰρ
2276 3140 2365 3206 τὰ
2392 3142 2686 3226 ἀλλαχοῦ
2705 3141 3245 3231 παραλειφθέντα.
3277 3142 3584 3224 Tanquam
3607 3144 3697 3207 hos

131 3266 294 3325 esset
333 3258 686 3343 Odysseae,
741 3277 1142 3343 quaecunque
1178 3266 1321 3344 post
1361 3258 1645 3322 Hectoris
1684 3273 1900 3320 necem
1940 3260 2081 3319 anto
2117 3253 2358 3344 Troiam
2395 3259 2576 3338 gesta
2621 3260 2795 3334 sunt,
2851 3272 2926 3317 ea
2964 3253 3163 3317 omnia
3208 3269 3515 3318 enarrare.
3581 3251 3697 3334 Ipse

131 3367 470 3435 Eustathius
501 3369 783 3434 concedit
810 3387 968 3452 quae
999 3370 1077 3435 de
1104 3368 1354 3434 Achillis
1384 3351 1604 3432 sunere
1633 3370 1953 3430 narrantur
1995 3381 2077 3427 ex
2117 3362 2319 3427 multis
2358 3362 2560 3427 Iliadis
2603 3362 2756 3452 loeis
2797 3380 2960 3450 esse*
2985 3369 3181 3427 sumta
3225 3367 3406 3444 atque
3449 3362 3511 3424 in
3540 3378 3697 3425 unun

132 3480 442 3544 coniuncta
471 3497 671 3562 eaque
698 3497 921 3564 magno
951 3480 1024 3544 H.
1055 3479 1308 3564 ingenio
1339 3478 1445 3543 vix
1484 3493 1630 3542 esse
1671 3476 1856 3560 digna
1894 3458 2241 3559 (11.1953),
2297 3476 2359 3536 at
2401 3471 2801 3538 nihilosecius
2846 3491 2920 3536 ea
2965 3472 3183 3555 quovis
3222 3477 3398 3555 pacto
3445 3477 3697 3536 excusat

134 3590 528 3655 dummodone
558 3605 926 3655 summorum
972 3590 1316 3654 criticorum
1334 3586 1703 3654 ‘sententiam
1732 3583 1970 3669 probet.

327 3701 427 3767 30.
471 3706 651 3785 τιμῆς
679 3693 1063 3784 ἀπονήμενος
1090 3696 1291 3785 ἧσπερ
1320 3693 1594 3772 ἄνασσες
1622 3695 1722 3779 Sp.
1751 3713 1809 3778 p.
1838 3698 1958 3760 201
1994 3711 2120 3776 sq.:
2154 3693 2406 3771 „unicus
2436 3693 2540 3776 qui
2569 3692 2687 3756 huc
2718 3692 2926 3757 vocari
2956 3697 3160 3775 potest
3186 3688 3362 3756 locus
3393 3695 3444 3754 Τ
3479 3695 3595 3757 180
3626 3707 3697 3773 sq

136 3797 371 3896 legitur,
410 3816 648 3876 atvero
676 3809 775 3874 hic
805 3810 1021 3875 unicus
1051 3810 1186 3894 ipse
1215 3808 1558 3873 ἀθετεῐται.
1566 3818 1597 3853 ⁶⁴

324 3925 421 3988 32.
455 3926 512 3987 3.
555 3919 670 3986 hos
700 3937 923 3986 versus
952 3922 1071 3985 iam
1098 3944 1144 3983 α
1173 3924 1294 3988 239
1325 3937 1421 4002 sq.
1452 3912 1579 4002 legi
1607 3915 1709 3998 Sp.
1741 3913 2057 3991 indicavit3
2103 3917 2167 3976 et
2192 3912 2378 3976 multo
2409 3910 2606 3994 aptius
2651 3911 2894 3993 quidem
2939 3909 3017 3974 de
3046 3908 3408 3975 Telemacho
3440 3927 3617 3993 quam
3650 3908 3697 3971 d«

132 4019 370 4113 Oreste,
414 4030 653 4116 quippe
670 4030 773 4113 qui
800 4025 1141 4115 Aegistho
1135 4029 1345 4095 occiso
1373 4024 1732 4093 maximam
1713 4041 1778 4089 ιιι
1808 4022 1961 4088 orbe
1989 4029 2288 4088 terrarum
2321 4020 2578 4107 gloriam
2607 4024 2931 4086 assecutus
2964 4018 3061 4084 sit.

336 4287 387 4363 ¹)
430 4306 462 4345 a
491 4306 600 4363 qua
629 4289 842 4346 ratione
872 4289 1057 4347 neseio
1087 4304 1156 4346 an
1187 4289 1259 4346 sit
1286 4286 1496 4345 alienus
1525 4308 1562 4345 κ
1590 4306 1636 4345 ν.
1673 4284 1810 4344 191.

332 4371 388 4446 ²)
432 4388 652 4430 currum
683 4388 967 4447 equosque
997 4372 1131 4430 solis
1158 4372 1321 4430 lunae
1351 4387 1581 4429 aurorae
1610 4371 1675 4427 H.
1708 4385 1821 4426 non
1848 4369 2017 4432 novit,
2065 4366 2144 4444 (ψ
2175 4363 2423 4423 aaa—5
2448 4362 2765 4439 suspicione
2798 4378 2911 4421 ιιοιι
2942 4358 3158 4434 carent)
3189 4358 3419 4433 quadrat
3446 4358 3580 4416 haee
3609 4355 3697 4428 opi

146 4456 229 4517 nio
253 4457 311 4518 ιιι
334 4454 472 4517 iuuet
497 4463 734 4533 tempus
766 4470 882 4532 quo
908 4454 1096 4532 hymni
1122 4454 1182 4514 1ι.
1212 4454 1326 4515 orti
1348 4461 1498 4517 sunt.
1527 4453 1604 4515 cf
1631 4454 1725 4530 hy.
1770 4449 1891 4511 Sol
1918 4451 1977 4521 9,
2007 4446 2140 4509 Min.
2175 4447 2272 4515 14,
2306 4445 2444 4507 Lun
2477 4448 2544 4505 9.

3246 4559 3345 4622 2ὓ
