3825 5009
823 1190 966 1289 De
1027 1159 1477 1291 extrema
1535 1189 2031 1315 Odysseae
2089 1194 2376 1314 parte
2433 1189 3027 1294 dissertatioz

1750 1450 1984 1458 -..ω-...ο--ψ
2053 1453 2066 1457 ι
2085 1452 2144 1457 -.-..

311 1577 573 1704 ‘Quum
595 1612 900 1677 homerica
925 1614 1183 1678 carmina
1207 1632 1318 1699 per
1345 1614 1573 1698 aliquot
1602 1615 1866 1681 fortasse
1897 1615 2106 1680 secula
2134 1613 2348 1677 litteris
2378 1630 2498 1677 non
2528 1612 2887 1698 consignata
2917 1612 3076 1696 apud
3106 1629 3318 1676 omnes
3350 1611 3480 1694 iere
3509 1613 3571 1675 in
3593 1611 3655 1676 A:

178 1739 514 1806 uropaquc
538 1720 814 1786 Graecos
839 1729 1222 1803 canerentur,
1252 1723 1381 1814 lieri
1412 1741 1533 1788 non
1563 1726 1775 1808 potuit,
1805 1725 1950 1807 quin
1981 1730 2042 1788 ct
2070 1724 2219 1807 ipsis
2243 1722 2464 1787 multae
2487 1722 3012 1808 adspergerentur
3032 1721 3225 1800 labes,
3251 1727 3311 1785 et
3332 1723 3531 1786 multis
3553 1721 3655 1785 rel]

177 1832 396 1895 nutatis
426 1830 786 1914 novansque
815 1831 993 1896 nobis
1025 1850 1256 1897 summa
1286 1850 1490 1896 veram
1521 1839 1702 1916 atque
1735 1836 2062 1918 genuinam
2090 1830 2341 1898 formam
2372 1832 2628 1897 eruendi
2656 1831 2953 1897 existeret
2984 1829 3323 1896 difficultas.
3374 1830 3609 1894 Etenim
3639 1850 3655 1894 ‹

177 1946 322 2004 ates
355 1939 490 2005 illos
521 1940 976 2023 antiquissimos
1009 1942 1207 2006 secuti
1252 1947 1393 2006 sunt
1431 1946 1678 2025 poetae,
1720 1942 2080 2008 Homeridas
2133 1942 2272 2008 dieo
2317 1948 2378 2006 et
2415 1942 2518 2026 qui
2560 1948 2774 2027 postea
2820 1940 3065 2006 luerunt
3105 1940 3427 2026 rhapsodi,
3473 1958 3655 2022 quum

175 2048 274 2112 liis
311 2053 438 2112 tum
466 2050 528 2111 in
558 2050 849 2114 extremis
881 2052 1203 2133 utriusque
1234 2052 1514 2116 carminis
1546 2051 1813 2135 partibus
1845 2051 2029 2116 multa
2060 2052 2138 2116 de
2168 2069 2285 2117 suo
2316 2052 2619 2116 adiecisse
2649 2050 2952 2117 videntur.
3003 2049 3179 2126 Quod
3212 2049 3452 2133 quidem
3483 2065 3560 2112 eo
3589 2047 3654 2111 fa

178 2173 262 2220 us
296 2163 363 2220 et
391 2156 521 2220 fieri
553 2163 616 2220 et
642 2158 835 2222 latere
864 2160 1086 2242 potuit,
1130 2177 1314 2241 quum
1346 2158 1564 2224 Graeci
1593 2149 1997 2244 quaecunque
2037 2160 2325 2224 homerici
2362 2155 2614 2244 ingenii*
2636 2161 2933 2242 quandam
2974 2159 3274 2223 habebant
3303 2158 3654 2223 similitudin

175 2281 388 2329 ummo
419 2283 557 2330 cum
587 2266 791 2331 studio
822 2284 1178 2350 summaque
1209 2287 1344 2332 cum
1388 2270 1696 2352 voluptate
1725 2270 2022 2345 audirent,
2067 2276 2129 2332 et
2172 2268 2415 2331 criticae
2445 2266 2590 2331 artis
2635 2285 2745 2351 per
2784 2268 2965 2331 multa
3010 2267 3222 2331 secula
3266 2268 3508 2331 omnino
3540 2283 3655 2330 ess«

175 2374 364 2438 udes.
421 2374 787 2458 Simulatque
819 2393 970 2441 vero
998 2382 1275 2461 tempore
1295 2374 1771 2442 Ptolemaeorum
1802 2378 2010 2441 critica
2038 2375 2138 2441 illa
2167 2394 2266 2442 ars
2298 2376 2581 2441 exerceri
2611 2382 2794 2459 atque
2823 2375 3023 2441 excoli
3052 2380 3270 2461 coepta
3300 2382 3419 2457 est,
3455 2374 3649 2439 critici

173 2482 574 2566 tlexandrini,
615 2486 834 2569 quippe
857 2486 961 2569 qui
990 2487 1050 2550 in
1079 2486 1342 2551 Homero
1374 2486 1731 2571 explicando
1763 2494 1826 2551 et
1852 2486 2308 2571 interpretando
2338 2504 2630 2552 summam
2659 2503 2904 2572 operam
2931 2484 3411 2570 industriamque
3433 2500 3653 2572 ponere

173 2610 274 2675 lua
306 2590 558 2657 suerunt
596 2596 728 2659 acie
766 2596 1015 2675 mentis,
1055 2596 1286 2680 ingenii
1327 2596 1689 2676 subtilitate,
1733 2614 1856 2661 non
1886 2611 2100 2661 omnes
2132 2614 2341 2661 eorum
2374 2577 2700 2661 carminum
2739 2602 2946 2681 partes
2979 2595 3255 2661 eiusdem
3285 2595 3574 2680 temporis
3606 2612 3653 2659 e:

173 2702 337 2766 acite
365 2702 813 2769 intellexerunt.
894 2704 1179 2769 Prohibiti
1208 2703 1451 2788 quidem
1482 2711 1621 2770 sunt
1648 2711 1772 2771 tum
1800 2707 2047 2791 pietate,
2078 2723 2196 2788 qua
2225 2721 2438 2770 omnes
2471 2704 2687 2768 Gracci
2719 2705 2983 2769 divinum
3015 2710 3253 2789 poetam
3285 2704 3586 2785 colebant,
3629 2710 3652 2766 t

174 2810 329 2890 alsa,
361 2827 542 2894 quam
564 2813 645 2876 de
666 2814 1223 2897 antiquissimorum
1253 2816 1575 2879 carminum
1607 2815 1950 2900 primordiis
1980 2814 2284 2878 habebant
2310 2813 2615 2897 opinione,
2647 2830 2768 2895 quo
2801 2813 2997 2878 minus
3028 2813 3210 2878 multa
3239 2814 3314 2877 ab
3338 2812 3602 2878 Homero
3635 2831 3651 2877 t

173 2920 525 2985 udicarent:
552 2927 613 2984 at
637 2913 690 2986 si
714 2923 857 3006 quid
878 2923 978 2987 vel
1009 2923 1139 2989 aliis
1169 2924 1319 2988 loeis
1348 2925 1746 3009 repugnabat,
1777 2922 1875 2987 vel
1897 2942 1933 2986 a
1954 2921 2236 2988 narrandi
2266 2924 2501 2987 ratione
2530 2922 2667 2988 sive
2696 2939 2867 2988 more
2898 2919 3245 3003 verborum,
3275 2940 3457 3005 quem
3488 2922 3651 3005 diligt

174 3027 395 3093 issime
432 3031 946 3114 observaverant,
991 3033 1386 3115 abhorrebat,
1428 3033 1528 3097 vel
1568 3039 1700 3098 arte
1741 3037 1963 3117 poetae
2006 3032 2319 3117 indignum
2365 3048 2511 3097 esse
2551 3031 2900 3096 videbatur:
2945 3048 3058 3096 eos
3102 3033 3274 3096 locos
3320 3031 3527 3095 delere
3567 3036 3651 3113 att⁴

173 3137 376 3202 ssollere
405 3156 527 3202 non
560 3125 1005 3205 dubitaverunt.
1061 3141 1126 3206 ln
1155 3149 1462 3226 postrema
1492 3143 1680 3226 igitur
1699 3141 1900 3208 Iliadis
1926 3148 2095 3227 parte
2126 3141 2326 3205 multis
2357 3141 2545 3206 rebus
2575 3147 2722 3205 sunt
2751 3140 2990 3220 offensi,
3021 3140 3206 3204 multa
3235 3145 3536 3218 notarunt,
3566 3157 3649 3202 mt

173 3244 417 3310 telendit
448 3263 596 3312 esse
626 3255 1033 3327 censuerunt,
1078 3255 1263 3315 totam
1291 3257 1358 3315 ut
1386 3251 1650 3316 Homero
1680 3252 2072 3337 abrogarent,
2116 3252 2377 3315 animum
2406 3251 2700 3315 inducere
2730 3267 2853 3314 non
2880 3255 3228 3334 potuerunt.
3287 3249 3454 3311 Duas
3483 3247 3649 3330 rhapi

173 3353 288 3418 lias
326 3355 407 3418 ab
454 3354 881 3423 Alexandrinis
921 3365 1081 3423 totas
1124 3375 1270 3424 esse
1318 3361 1583 3424 reiectas
1636 3361 1869 3425 diserte
1907 3366 2007 3424 est
2044 3351 2353 3424 traditum:
2415 3359 2751 3423 Doloneam
2794 3364 2979 3441 atque
3022 3364 3384 3442 postremam
3428 3355 3649 3438 Odyss«

173 3469 388 3526 >artem
426 3464 568 3529 inde
607 3484 642 3528 a
683 3463 777 3531 rh.
819 3473 871 3548 ψ
908 3486 968 3534 v.
1000 3472 1144 3535 297.
1221 3467 1423 3551 Atque
1463 3469 1795 3533 Doloneam
1840 3468 2083 3553 quidem
2125 3467 2631 3554 Pisistratidarum
2678 3467 2915 3531 demum
2959 3474 3232 3549 tempore
3289 3466 3530 3548 corpori
3575 3477 3649 3545 qu

173 3572 487 3636 terminum
508 3573 954 3640 homericorum
978 3591 1125 3641 esso
1157 3578 1451 3642 adiectam
1481 3579 1616 3642 sive
1642 3578 1799 3643 fama
1831 3580 1968 3643 sive
1992 3577 2281 3643 memoria
2311 3575 2568 3660 quadam
2597 3575 2861 3640 obscura
2890 3575 3211 3658 accepisse
3240 3571 3541 3637 videntur.
3581 3567 3647 3636 ld

173 3678 429 3745 brtasse
455 3682 534 3746 de
568 3683 816 3769 epilogo
846 3684 1172 3769 Odysseae
1218 3688 1334 3750 erit
1372 3688 1775 3757 statuendum.
1848 3687 2264 3769 Quaecunque
2308 3686 2465 3749 enim
2494 3684 2920 3749 Alexandrinis
2964 3686 3023 3746 in
3066 3682 3168 3746 illo
3200 3681 3630 3766 displicebant,

173 3790 357 3854 >mnia
388 3791 465 3855 ad
496 3792 739 3857 alteram
770 3799 995 3858 tantum
1025 3813 1280 3878 neeyam
1321 3798 1656 3881 pertinent,
1706 3798 1790 3861 ita
1832 3802 1919 3877 ut,
1959 3798 2081 3861 nisi
2124 3801 2188 3860 et
2228 3802 2274 3858 a‘
2301 3793 2644 3860 scholiastis
2689 3799 2753 3856 et
2796 3792 2870 3856 ab
2899 3789 3215 3856 Eustatbio
3259 3808 3383 3855 uno
3427 3807 3538 3854 ore
3577 3804 3647 3854 es

173 3899 460 3979 raditum,
487 3900 646 3964 illam
669 3907 899 3985 partem
928 3909 1114 3969 totam
1143 3906 1219 3968 ab
1242 3904 1666 3971 Alexandrinis
1690 3922 1839 3971 esse
1866 3905 2286 3988 improbatam3
2319 3910 2526 3967 cetera
2556 3901 2630 3965 ab
2660 3903 2738 3965 iis
2767 3902 2987 3965 intacta
3016 3898 3214 3963 fuisse
3242 3900 3453 3963 relicta
3480 3898 3645 3963 fortaz

173 4009 587 4092 mspicandum
629 4008 811 4075 foret.
888 4012 973 4075 At
1010 4012 1164 4077 haee
1204 4013 1672 4078 clarissimorum
1712 4014 1984 4079 virorum
2030 4015 2327 4078 sententia
2345 4057 2364 4090 ,
2407 4010 2875 4092 Aristophanem
2920 4008 3059 4072 dico
3102 4013 3286 4091 atque
3313 4005 3645 4072 Aristarcht

173 4114 549 4183 doctissimos
578 4118 680 4183 illo
710 4124 982 4204 tempore
1012 4120 1257 4186 Homeri
1286 4123 1768 4199 existimatores,
1814 4121 1975 4206 apud
2013 4121 2304 4204 aequales
2343 4125 2756 4202 posterosque
2795 4103 3225 4200 multoplures
3269 4107 3645 4181 adversarios

173 4225 603 4306 vituperatores
634 4245 813 4311 quam
840 4225 1189 4296 laudatores
1221 4236 1284 4294 et
1310 4231 1584 4296 asseclas
1614 4230 1861 4295 invenit.
1923 4229 2127 4313 Atque
2154 4228 2237 4293 illi
2268 4228 2501 4293 minore
2531 4226 2667 4291 sine
2709 4225 2894 4293 dubio
2926 4225 3176 4310 ingenio
3205 4223 3536 4307 indoleque
3563 4239 3643 4306 pn

173 4330 263 4396 diti
281 4377 302 4412 ‚
344 4335 508 4416 quod
537 4338 754 4400 summi
784 4339 1155 4419 grammatici
1183 4345 1520 4406 statuerant
1545 4341 1925 4414 rectissime,
1969 4337 2294 4404 levissimis
2322 4335 2483 4400 haud
2512 4351 2656 4399 raro
2687 4341 2752 4399 et
2777 4350 3033 4418 prorsus
3074 4332 3344 4397 futilibus
3373 4341 3643 4416 arg-umet

173 4436 539 4507 refellebant.
597 4442 710 4507 Vel
733 4442 1087 4509 Eustatbius
1103 4488 1123 4527 ,
1164 4448 1269 4529 qui
1296 4462 1456 4530 quae
1485 4444 1585 4510 alii
1613 4447 1692 4512 de
1719 4444 1989 4527 Homero
2018 4445 2394 4529 scripserant
2418 4461 2546 4509 non
2582 4447 2708 4511 tam
2743 4441 3077 4527 prudenter
3117 4447 3182 4506 et
3221 4438 3547 4524 ingeniose
3573 4449 3643 4523 qt

3635 4671 3640 4730 Δ
