3825 5009
1844 191 1945 273 15

272 400 438 466 179.
467 392 806 461 Αντίνοον
832 397 1123 479 βασιλῆα.
1155 394 1273 463 nisi
1303 394 1478 462 fallor
1505 409 1809 482 nunquam
1838 393 1900 464 in
1932 394 2047 468 od.
2077 395 2247 480 proci
2276 400 2561 481 βασιλῆες
2585 402 2904 494 vocantur.

275 510 439 575 182.
473 503 902 593 ἒπιτάρῤοθος
929 528 989 573 v.
1022 506 1089 571 ll.

276 620 440 685 189.
474 610 698 705 βρότος
727 622 790 680 et
819 613 1223 701 &potesta-vv.
1252 615 1316 680 ll.
1340 635 1567 706 neque
1565 635 1701 683 cum
1723 637 1786 682 v·
1807 613 2035 704 βρότος
2063 618 2226 686 aliud
2255 618 2619 702 adjectivum
2648 616 2924 686 invenies
2955 617 3343 703 coniunctum
3371 621 3490 690 nisi
3510 625 3677 705 αἱμα

149 751 317 793 vva
348 732 538 811 atque
566 727 649 791 ita
679 726 943 809 quidem,
985 733 1054 791 ut
1081 728 1268 792 verba
1300 722 1531 812 βρότον
1559 725 1955 813 αἱματόεντα
1984 743 2230 794 versum
2261 728 2562 793 claudant.

284 841 440 903 191.
471 831 590 900 τὸν
621 871 701 883 —-
730 834 1038 922 προσέφη.
1100 835 1210 901 Cui
1237 836 1573 920 respondet
1598 835 2030 922 Agamemno?
2075 857 2151 904 an
2179 837 2711 932 Amphimedonti‘?
2755 838 2916 904 idem
2952 838 3086 904 l'ere
3128 842 3226 904 est
3263 839 3580 908 dicendum
3613 840 3677 905 de

149 952 323 1014 203.
1077 961 1081 972 ⁴

284 1053 438 1123 192.
469 1079 590 1118 συν
618 1053 852 1139 μεγάλη
893 1052 1087 1140 ἀρετῇ
1125 1049 1360 1129 ἐκτήσω
1399 1048 1668 1120 ἄκοιτιν.
1725 1055 1897 1122 Eust.
1941 1057 2286 1124 τουτέστιν
2326 1059 2613 1145 εὐτυχίᾳ,
2642 1059 3029 1146 εὐδαιμονίᾳ.
3091 1059 3491 1144 Interpreles.
3476 1082 3490 1096 ·
3536 1078 3677 1125 con-

149 1185 292 1246 em
327 1183 552 1250 magna
580 1166 804 1230 virtute
833 1163 1185 1248 praeditam.
1248 1164 1437 1247 Cujus
1469 1183 1621 1231 usus
1652 1167 1875 1233 utinam
1905 1169 2007 1233 vel
2036 1188 2220 1236 unum
2252 1189 2332 1235 ex
2361 1170 2433 1233 Η.
2465 1170 2812 1235 attulissent
2837 1170 3200 1253 exemplum.

292 1279 651 1343 196-202.
687 1274 1059 1342 constructio
1089 1291 1267 1356 quam
1300 1273 1512 1340 dicunt
1542 1276 1867 1343 verborum
1896 1284 2082 1360 atque
2123 1279 2518 1348 conformatio
2550 1280 2972 1363 subobscura,
3012 1280 3088 1345 ab
3115 1249 3419 1352 homerica
3449 1279 3677 1365 perspi-

149 1389 320 1450 itate
352 1383 740 1450 alienissima.

1642 1494 2130 1584 ἀναγνωρισμός.
2689 1585 2692 1588 ¹

285 1603 465 1669 Licet
491 1604 590 1668 hic
619 1603 681 1667 οἵ.
713 1621 747 1668 ιι
776 1601 979 1669 multis
1011 1602 1260 1669 summis
1290 1602 1567 1669 laudibus
1597 1611 1880 1685 ornetur,
1923 1608 2116 1672 libere
2143 1608 2435 1692 profiteor
2461 1626 2559 1674 me
2588 1625 2711 1674 non
2740 1607 3107 1693 intelligere,
3151 1609 3542 1692 quamobrem
3571 1630 3677 1695 pa-

149 1735 235 1780 lm
267 1714 598 1779 tentaverit
624 1713 857 1794 Ulixes,
898 1731 1078 1797 quem
1108 1713 1211 1778 filii
1242 1712 1550 1779 desiderio
1593 1733 1788 1798 paene
1832 1717 2198 1783 exstinctum
2229 1716 2563 1783 Chremetis
2594 1718 2938 1784 Terentiani
2968 1719 3149 1786 vitam
3177 1720 3556 1804 egerebaud
3585 1722 3677 1806 ig-

149 1831 285 1891 ret.
356 1824 580 1889 Dicunt
600 1828 657 1902 ¹)
705 1842 783 1887 ex
811 1823 1081 1889 moribus
1112 1821 1299 1888 Ulixis
1345 1830 1526 1907 atque
1569 1826 1821 1910 ingenio
1863 1826 2009 1891 illud
2053 1844 2200 1893 esse
2242 1827 2661 1914 repetendum.
2742 1828 2873 1903 Qua
2918 1827 2997 1892 de
3024 1846 3096 1893 re
3138 1829 3353 1894 nescio
3398 1849 3474 1894 an
3503 1848 3677 1898 secut

149 1934 480 2001 ntuendum
512 1936 612 2000 sit.
681 1933 836 1999 Dolo
868 1934 1076 2014 utitur,
1107 1933 1211 1998 ubi
1241 1950 1395 2017 opus
1424 1939 1544 2000 est.
1610 1934 1846 2000 Etenim
1875 1937 1931 2000 si
1960 1938 2421 2020 percrebuisset
2445 1938 2676 2002 Ulixem
2702 1937 2988 2018 rediisse,
3032 1938 3165 2003 sine
3196 1938 3379 2004 dubio
3411 1940 3500 2014 (id
3530 1941 3677 2024 quot

149 2062 214 2110 te
248 2046 422 2109 timet
450 2069 486 2110 ν
516 2048 639 2113 383
670 2049 805 2126 sq.)
856 2062 890 2108 a
919 2043 1122 2127 procis
1154 2050 1325 2107 esset
1354 2044 1622 2109 occisus.
1689 2044 1897 2129 Itaque
1931 2046 2290 2112 Telemacho
2321 2047 2561 2130 quidem
2592 2047 2792 2112 statim
2823 2047 3039 2131 aperit,
3077 2049 3181 2131 qui
3209 2049 3308 2126 sit,
3352 2049 3414 2112 in
3444 2054 3677 2116 ceteros

150 2156 307 2220 lose
339 2155 501 2239 agit,
546 2153 857 2219 denuntiat
886 2157 1085 2217 tamen
1116 2156 1179 2216 et
1204 2152 1473 2218 Eumaeo
1505 2158 1568 2216 et
1594 2153 1935 2238 Penelopae
1976 2161 2040 2219 et
2079 2156 2210 2220 aliis
2246 2156 2595 2240 propediem
2622 2156 2857 2221 Ulixem
2895 2173 3042 2222 esse
3085 2157 3453 2238 rediturum,
3479 2175 3568 2222 *se
3612 2159 3677 2221 de

150 2268 361 2328 *ventu
412 2266 551 2347 ejus
603 2262 1114 2348 propinquissime
1168 2260 1502 2327 audivisse.
1599 2263 2001 2338 Quamobrem
2054 2264 2227 2330 aliam
2282 2282 2527 2349 quoque
2580 2265 2921 2349 explicandi
2972 2266 3130 2330 viam
3185 2266 3401 2358 iniisse
3452 2267 3677 2333 videtui

147 2372 439 2440 istathius
479 2378 736 2455 (1959):
788 2371 931 2437 ideo
961 2371 1194 2436 Ulixem
1238 2371 1589 2436 adhibuisse
1633 2371 1867 2453 dolum,
1908 2391 1989 2437 ne
2033 2374 2235 2440 subito
2278 2381 2461 2459 atque
2501 2375 2819 2461 repentino
2864 2374 3091 2461 gaudio
3135 2381 3307 2460 pater
3348 2355 3677 2448 necaretur

149 2504 261 2550 rae
293 2486 433 2567 ejus
459 2485 615 2549 ratio
645 2483 875 2568 reipsa
903 2480 1216 2550 refellitur.
1262 2483 1459 2557 Quum
1488 2482 1645 2547 enim
1677 2482 2183 2566 prudentissimus
2214 2484 2314 2550 ille
2343 2493 2657 2551 narrasset
2685 2503 2758 2551 se
2780 2490 2921 2551 ante
2951 2467 3439 2569 quinqueannos
3462 2488 3677 2554 Ulixen

149 2594 357 2679 ·spitio
380 2594 726 2678 excepisse,
754 2593 1021 2676 indeque
1052 2592 1613 2677 scnexcolligeret,
1635 2593 1759 2676 jam
1790 2593 1867 2658 de
1898 2593 2001 2658 filii
2030 2600 2223 2659 morte
2255 2601 2559 2676 constare,
2590 2595 2735 2659 nibil
2764 2595 2879 2659 sibi
2909 2595 3198 2678 praesidii
3228 2600 3438 2661 contra
3466 2615 3677 2683 procos

150 2703 391 2789 ¹perbos
422 2709 604 2786 atque
634 2703 848 2786 impios
881 2719 1029 2794 esse
1058 2702 1354 2781 relictum,
1395 2707 1562 2765 tanto
1608 2707 1850 2783 tamque
1878 2703 2223 2767 vehementi
2268 2705 2590 2787 corripitur
2620 2704 2855 2788 dolore,
2897 2710 2964 2767 ut
2996 2704 3157 2768 humi
3186 2689 3522 2788 prostratus
3553 2707 3677 2791 pul-

149 2831 300 2878 trem
329 2830 515 2898 supra
546 2819 724 2896 caput
752 2810 1042 2876 effundat.
1130 2812 1265 2887 Quo
1310 2810 1605 2893 adspectu
1633 2810 1877 2896 lugubri
1909 2813 2182 2897 graviter
2210 2811 2465 2878 affectus
2489 2813 2613 2896 jam
2643 2830 2715 2878 se
2746 2814 2885 2896 ejus
2914 2813 3100 2878 filium
3129 2832 3274 2894 esse
3303 2813 3512 2882 Ulixes
3543 2835 3677 2901 pro-

152 2928 315 2990 etur.
380 2923 560 3000 Quod
587 2923 691 2987 ubi
723 2922 911 2988 certis
942 2921 1137 3008 signis
1179 2938 1375 2985 senex
1405 2918 1771 3005 exploravit,
1815 2921 1930 2985 hac
1965 2922 2278 3005 repentina
2326 2922 2534 3008 gaudii
2573 2921 2926 3005 dolorisque
2970 2923 3295 3004 mutatione
3337 2931 3455 2987 tam
3495 2925 3677 3008 yehe-

149 3038 326 3097 enter
351 3039 797 3114 commovetur,
836 3037 907 3097 ut
935 3031 1134 3096 animo
1163 3029 1438 3115 relictum
1464 3030 1727 3095 brachiis
1767 3029 1926 3095 filius
1971 3032 2249 3115 excipiat.
2315 3030 2416 3100 Sic
2456 3032 2965 3116 prudentissimus
3003 3019 3343 3098 ille'Ulixes
3374 3033 3505 3098 suis
3537 3033 3677 3099 dolie

149 3140 485 3225 tificiisque
518 3141 742 3224 effecit,
785 3148 852 3208 ut
879 3143 1011 3226 ipsa
1040 3140 1262 3205 laetitia
1294 3140 1430 3205 seni
1457 3139 1976 3232 periculosissima
2004 3141 2200 3206 fieret.

294 3254 437 3319 208.
470 3251 736 3316 κλίσιον.
780 3252 873 3316 De
904 3271 963 3316 v.
995 3250 1240 3314 κλίσιον
1266 3250 1511 3336 longam
1536 3249 2026 3315 dissertationem
2056 3250 2227 3334 operi
2255 3251 2514 3317 inseruit
2542 3253 2667 3336 Sp,
2698 3271 2817 3336 qua
2845 3253 2964 3317 boc
2993 3271 3054 3317 v.
3083 3251 3512 3318 deminutivum
3546 3269 3677 3318 ess<

149 3341 561 3430 monstraret.
627 3359 710 3428 At
741 3362 818 3425 de
847 3360 1195 3426 recentiore
1222 3360 1405 3426 huius
1448 3360 1634 3444 partis
1677 3359 1919 3444 origine
1963 3377 2044 3425 ex
2080 3360 2202 3426 hoc
2238 3380 2301 3426 v.
2333 3362 2418 3426 nil
2446 3368 2651 3447 potest
2680 3362 2980 3428 concludi.
3029 3361 3109 3426 cf.
3151 3360 3421 3444 τειχίον,
3472 3362 3677 3449 ἑρκίον,

149 3471 312 3547 κίον,
339 3470 615 3555 κρανίον,
643 3470 864 3555 θηρίον
891 3471 1152 3553 aliaque.

296 3583 437 3647 209.
485 3577 859 3646 σιτέσκοντο
887 3578 947 3643 ἁ.
980 3583 1023 3643 ἐ.
1054 3581 1307 3646 verbum
1335 3579 1821 3662 recentissimae,
1863 3580 2103 3666 opinor,
2144 3580 2423 3666 originis.

295 3693 438 3756 210.
483 3690 675 3775 δμῶες
700 3688 1034 3773 ἀναγκαῖοι
1062 3697 1125 3755 et
1152 3695 1275 3760 499
1307 3689 1640 3773 ἀναγκαῖοι
1666 3692 2071 3776 πολεμισταί.
2099 3692 2253 3758 haec
2283 3692 2494 3774 verba,
2523 3696 2657 3760 utut
2687 3691 2978 3776 explicas,
3008 3689 3083 3755 ab
3107 3688 3432 3759 Homerico
3458 3704 3576 3754 usu
3599 3686 3677 3753 di·

149 3799 278 3868 endi
308 3799 661 3865 abhorrent.

307 4127 325 4163 1

149 4297 158 4311 ὓ
296 4132 357 4271 Β)
383 4127 636 4272 {iffi-agn
664 4120 848 4289 1135987
863 4126 1019 4279 :⁷„es
1048 4227 1164 4271 war
1191 4209 1367 4270 wider
1396 4211 1500 4269 den
1536 4209 1829 4270 character
1857 4211 1954 4270 des
1985 4210 2087 4270 Od.
2116 4210 2232 4272 sich
2262 4210 2509 4287 segleicb
2545 4227 2609 4270 zu
2654 4209 3012 4268 entdecken.“
3059 4199 3129 4267 ct'.
3172 4224 3313 4283 quae
3354 4207 3520 4285 paulo
3557 4208 3677 4266 iniri

149 4303 448 4440 ΙξιῐῃιιίῙξιιοεί
482 4380 548 4439 ad
585 4399 630 4439 ω
661 4380 811 4439 216·
798 4425 811 4438 .
848 4379 956 4449 „Es
985 4381 1183 4454 gehort
1214 4398 1310 4440 zur
1337 4380 1830 4455 cigentbtimlicbcn
1860 4381 1966 4441 Art
1994 4381 2089 4440 des
2122 4381 2247 4453 0d.‚
2291 4381 2415 4440 dass
2452 4397 2514 4439 er
2546 4380 2664 4439 sich
2695 4379 2783 4438 nie
2810 4379 2930 4438 dem
2961 4376 3181 4436 Gesfihle
3216 4377 3395 4437 sofort
3428 4376 3676 4450 bingiebt

149 4467 383 4560 uch'hier
414 4465 530 4527 will
565 4481 627 4526 er
655 4466 803 4527 seina
832 4465 1148 4561 llerrschatt
1183 4466 1416 4528 darttber
1447 4467 1642 4539 zeigcn
1678 4467 1784 4528 und
1820 4466 2125 4528 unci-kannt
2155 4466 2271 4528 sich
2301 4465 2373 4530 im
2407 4466 2577 4526 freien
2611 4464 2799 4542 Spiele
2830 4464 2997 4525 damit
3028 4468 3349 4538 ergotzen.“

3671 4663 3677 4747 l
